3220 4906
326 259 437 334 conpr.
457 261 546 318 Cone.
565 263 591 319 9.
611 263 691 332 Sept.
713 263 784 319 1891
803 265 907 335 quoad
925 267 1089 321 servitiam
1107 265 1216 322 eboris.
1327 248 1388 312 291

457 454 482 508 5.
510 452 536 508 S.
554 453 584 510 0.
603 451 717 510 Concilii
736 454 825 524 quoad
843 453 988 510 Servitium
1006 454 1088 512 chori.

256 584 347 650 Haud
370 603 438 650 raro
461 584 543 650 hisce
567 584 729 668 postremis
752 585 841 650 annis
864 585 902 649 ad
926 585 957 650 S.
975 585 1008 652 O.
1030 585 1160 652 Concilii
1178 587 1321 669 querelae
1337 587 1390 650 de-

150 690 233 754 latae
257 689 329 754 sunt
351 707 441 773 super
464 689 597 754 choralis
621 689 740 754 servitii
763 689 972 774 negligentia,
1002 691 1136 774 quaein
1159 690 1330 774 collegiatis
1355 710 1391 755 ac

150 793 320 876 receptitiis
351 792 486 858 ecclesiis
518 795 587 876 post
618 792 835 877 pseudolegem
868 793 1008 872 ciuilem,
1043 813 1136 877 quarn
1169 794 1390 878 suppressionis

152 899 271 974 uocant,
293 896 406 962 sensim
430 898 617 981 obrepserat.
650 897 793 980 Plerique
816 899 898 962 euim
921 897 992 963 inde
1015 899 1053 963 ab
1067 916 1102 963 eo
1116 901 1253 982 tompore
1269 899 1387 964 inuenti

149 1004 236 1066 erant
260 1021 278 1066 a
300 1001 400 1081 clero,
423 1003 475 1085 qui
498 1001 710 1080 canonicatus,
736 1001 1046 1078 hebdomadarium,
1069 1003 1238 1068 autetiam
1262 1002 1388 1086 partici-

149 1106 307 1188 patioueS,
344 1107 486 1189 quamvis
522 1105 697 1188 praebenda
731 1107 785 1170 aut
819 1105 958 1188 portione
991 1107 1144 1191 spoliate,
1189 1106 1389 1172 nihilomiuus

149 1213 272 1292 propter
294 1209 517 1274 ecclesiasticos
541 1209 668 1275 honores
697 1211 728 1276 et
757 1209 877 1276 modica
899 1211 988 1275 lucra
1011 1211 1095 1276 bisce
1118 1210 1265 1294 gradibus
1288 1210 1389 1275 adhue

150 1313 284 1392 adnexa,
318 1312 507 1378 instantibus
537 1313 678 1396 precibus
711 1315 904 1396 expeterent,
939 1315 1021 1379 ultro
1047 1315 1171 1399 adjecta
1194 1315 1389 1398 apertissima

150 1416 309 1500 sponsione
332 1415 507 1482 choralibus
530 1416 674 1482 oneribus
689 1417 726 1482 ed
744 1417 893 1482 amussim
909 1418 1139 1485 satisfaciendi:
1164 1421 1198 1484 at
1221 1419 1284 1484 roti
1306 1437 1388 1483 com·

151 1523 237 1603 potes
261 1520 347 1599 lacti,
370 1520 533 1604 paullatim
557 1523 664 1587 eontra
685 1520 792 1588 datam
816 1520 907 1587 fidem
931 1522 1054 1589 eboralo
1070 1523 1240 1603 servitium,
1264 1522 1339 1587 licet
1353 1542 1389 1587 ex

149 1623 180 1692 S.
192 1623 280 1690 Sedis
295 1623 490 1708 indulgentia
506 1625 685 1709 plerumque
701 1625 790 1691 ualde
805 1625 978 1705 reductum,
995 1627 1211 1710 parvipendere
1227 1627 1389 1709 ipsumque

149 1728 331 1796 residentiae
360 1729 461 1794 locum
492 1748 545 1813 pro
576 1730 670 1795 libitu
702 1729 888 1814 relinquere,
920 1750 979 1796 non
1010 1731 1197 1796 dubitarent.
1246 1732 1284 1795 lit
1313 1731 1389 1796 haec

148 1832 294 1916 probrosa
324 1833 437 1917 agendi
463 1834 559 1912 ratio,
590 1853 660 1898 cum
695 1853 807 1918 magno
840 1834 937 1900 diuini
969 1834 1073 1899 cultus
1100 1837 1134 1899 et
1162 1833 1389 1900 ecclesiasticae

149 1936 328 2020 disciplinae
350 1937 535 2003 detrimento
559 1957 595 2002 ac
618 1937 756 2002 fidelium
779 1937 944 2002 offensione
968 1937 1093 2016 inolita,
1124 1957 1159 2003 eo
1181 1938 1318 2003 securius
1341 1938 1388 2003 in-

150 2040 265 2119 valuit,
289 2040 361 2123 quia
384 2040 475 2124 plane
498 2040 682 2105 deficiebant
704 2040 737 2104 in
760 2040 818 2105 boo
841 2040 967 2122 speciali
990 2058 1063 2105 casu
1084 2043 1230 2106 consueta
1252 2042 1389 2106 remedia

151 2142 190 2208 ad
226 2143 419 2227 negligentes
453 2142 656 2222 cohibendos,
696 2143 816 2208 scilicet
850 2163 902 2226 per
936 2146 1139 2227 punctaturas
1172 2145 1388 2227 tructuumque

150 2248 402 2312 subtractionem.

254 2368 335 2433 Huic
360 2369 467 2452 itaque
496 2368 665 2434 occurendo
688 2369 901 2449 incommodo,
930 2368 1051 2436 censuit
1073 2368 1180 2434 eadem
1203 2368 1234 2436 S.
1259 2370 1291 2435 0.
1316 2388 1388 2453 sup·

147 2472 324 2556 plicandum
347 2471 457 2550 SSmo,
481 2476 516 2538 ut
540 2475 683 2556 generale
705 2473 905 2539 conficeretur
927 2475 1104 2552 decretum,
1130 2493 1189 2557 quo
1214 2493 1387 2538 normarum

147 2576 224 2642 alias
246 2576 277 2641 in
301 2577 539 2661 particularibus
567 2578 689 2642 casibus
719 2596 809 2661 saepe
842 2578 965 2662 saepius
996 2581 1184 2644 statutarum
1215 2578 1254 2643 ad
1282 2597 1388 2642 omnes

147 2680 290 2746 ecclesias
312 2680 493 2765 collegiatas
515 2683 547 2748 et
568 2682 744 2766 receptitias
766 2683 902 2748 extensio
924 2681 1031 2760 fieret;
1054 2683 1100 2747 ita
1120 2681 1263 2748 videlicet
1284 2685 1319 2746 ut
1333 2682 1387 2765 qui

148 2805 200 2868 per
220 2785 423 2868 provisionem
447 2786 644 2852 canonicatus
665 2786 712 2851 rel
742 2786 1033 2852 hebdomadariatus
1063 2787 1117 2852 aut
1143 2786 1387 2868 participationis

147 2889 280 2955 choralis
302 2889 493 2954 officiaturae
515 2909 592 2955 onus
614 2891 822 2973 susceperint,
845 2890 950 2955 sedulo
974 2889 1140 2972 adimplere
1161 2891 1217 2954 hoc
1238 2890 1386 2963 debeant;

147 2994 179 3058 et
194 2993 362 3076 usquedum
379 2994 416 3058 ob
432 2993 620 3076 respectiuae
637 2995 828 3078 praebendae
845 2994 1011 3073 delectum,
1029 2994 1177 3077 cujusque
1193 2993 1387 3077 negligentia

147 3097 292 3162 mulctari
318 3101 450 3180 nequeat
471 3097 510 3161 ad
533 3099 664 3162 iorrnam
685 3099 774 3181 juris,
796 3099 861 3181 ipso
885 3099 967 3164 lacto
983 3099 1113 3181 quisque
1127 3117 1146 3162 a
1160 3097 1280 3180 proprio
1295 3097 1386 3161 bene·

148 3201 216 3266 licio
239 3201 388 3265 decidisse
410 3201 615 3285 intelligatur,
639 3202 665 3267 si
688 3201 810 3286 quidem
836 3222 889 3284 per
904 3221 955 3266 ser
971 3221 1090 3266 menses
1105 3201 1169 3266 sire
1184 3199 1386 3283 interpolatos

146 3306 211 3370 sive
238 3306 397 3370 continuos
427 3306 458 3368 in
489 3305 621 3389 singulis
651 3307 740 3372 annis
770 3307 835 3371 sine
864 3306 1007 3388 legitima
1036 3324 1130 3370 causa
1158 3323 1177 3370 a
1208 3304 1293 3370 chori
1323 3323 1386 3369 ser·

146 3409 223 3475 vitio
252 3408 406 3474 abluerit:
440 3408 471 3472 id
501 3409 581 3493 quod
612 3408 725 3476 SSmus
756 3411 791 3477 D.
817 3409 856 3476 N.
889 3410 1056 3493 approbare
1088 3411 1251 3492 ratumque
1274 3407 1387 3473 babere

147 3512 294 3596 dignatus
316 3513 373 3578 est.

250 3633 442 3717 Quapropter
464 3633 495 3698 in
516 3635 672 3717 posterum
694 3635 726 3698 in
751 3635 843 3701 ltalia
866 3635 1005 3719 quisquis
1023 3635 1112 3717 juxta
1127 3633 1297 3718 praemissa
1314 3652 1384 3717 pro·

147 3738 230 3804 uirus
253 3737 290 3801 de
313 3739 494 3804 canonicatu
514 3739 562 3804 sel
586 3738 860 3805 hebdomadariatu
883 3739 914 3804 iu
937 3739 1130 3822 collegiatis,
1163 3740 1218 3802 aut
1248 3737 1285 3802 de
1315 3756 1386 3820 par·

146 3841 325 3924 ticipatione
345 3842 376 3906 in
400 3842 536 3907 ecclesiis
559 3844 745 3927 recept'tiis,
778 3863 831 3926 per
861 3862 913 3908 ser
947 3861 1066 3908 meuses
1095 3843 1159 3907 sive
1186 3841 1387 3923 interpolatos

146 3945 211 4010 sive
234 3945 393 4011 continuos
416 3947 448 4010 in
471 3946 603 4030 singulis
626 3947 715 4012 annis
735 3947 801 4012 sine
822 3948 964 4031 legitima
980 3966 1072 4012 causa
1089 3947 1211 4012 chorale
1226 3945 1386 4010 servitium

147 4049 304 4128 omiserit,
323 4051 390 4132 ipso
414 4051 504 4129 lacto,
526 4050 650 4133 praevia
672 4051 834 4116 dumtaxat
855 4053 1009 4118 sententia
1032 4051 1127 4134 ipsius
1151 4049 1225 4115 lacti
1248 4049 1387 4114 declara·

146 4153 241 4230 toria,
272 4173 291 4218 a
319 4171 374 4219 suo
397 4154 566 4237 respective
590 4155 736 4220 beneficio
759 4156 791 4220 et
813 4155 1047 4238 participatione
1070 4174 1103 4219 se
1124 4154 1275 4219 decidisse
1297 4155 1385 4230 sciat,

147 4257 307 4323 contrariis
328 4258 570 4341 quibuscumque
594 4259 722 4323 minime
744 4259 951 4326 obstantibus.

250 4396 366 4462 Datum
398 4397 511 4466 Romae
545 4417 580 4468 ex
611 4398 739 4466 aedibus
767 4395 797 4464 S.
830 4397 863 4468 G.
897 4398 1027 4469 (ionoilii
1059 4398 1107 4464 dis
1138 4400 1168 4466 9.
1196 4396 1385 4482 Septembris

151 4501 245 4570 1891.
