3220 4906
266 266 295 320 0.
317 265 375 320 Rif.
394 265 419 318 2.
439 264 519 319 Maia·
539 263 613 318 1892
629 267 714 318 circa
732 262 869 318 subdiac.
888 264 923 316 a'n
942 265 1037 316 missa
1057 261 1239 331 pontificali.
1313 247 1376 312 293

137 436 320 501 dioecesium
345 437 512 520 respective
535 434 753 511 existentium
784 436 818 497 2ο
842 433 884 499 Ut
905 432 993 497 festis
1016 433 1145 515 propriis
1170 434 1374 499 Ecclesiarum

137 541 230 624 atque
254 539 463 605 Orator-iorum
487 538 697 623 publicorum,
729 557 787 602 nen
820 541 944 620 excepto
967 536 1046 601 feste
1070 535 1220 616 Titulari,
1251 538 1374 602 eaedem

137 644 202 708 dies
225 643 376 726 assignari
401 642 530 720 valeant,
556 643 666 726 quibus
689 641 854 724 inscriptae
873 643 946 705 sunt
962 641 990 703 in
1010 641 1177 723 respective
1196 640 1376 705 Calendarie

137 748 325 824 dioecesano,
347 749 468 810 servato
487 747 557 828 jure
580 746 618 809 ad
639 746 793 828 integram
817 744 953 811 Oetaeae
974 744 1220 810 celebrationem.

241 849 334 915 Sacra
365 868 452 933 perro
483 849 688 933 Congregatie
715 849 754 912 ad
783 849 962 912 relationem
987 847 1177 929 infrascripti
1200 846 1375 925 secretarii,

137 955 345 1038 exquisitaque
373 957 444 1020 voto
475 954 603 1018 alterius
626 972 661 1017 ex
685 952 933 1034 Apostolicorum
959 951 1226 1015 tiaeremoniarum
1252 951 1372 1034 Magis-

137 1059 203 1135 tris‚
227 1058 273 1122 ita
295 1057 458 1140 prepositis
481 1055 646 1140 postulatis
669 1055 894 1120 rescribendum
917 1055 1048 1132 censuit,
1073 1055 1232 1120 videlicet:

242 1161 289 1226 ad
313 1161 342 1226 l:
365 1161 575 1244 Affirmativc.

242 1265 289 1328 Ad
315 1264 360 1328 ll:
386 1265 460 1330 Non
481 1265 636 1345 capedine.

243 1369 344 1450 Atque
367 1368 413 1432 ita
435 1367 594 1450 rescripsit
616 1367 666 1430 die
689 1367 718 1430 2.
741 1365 816 1430 blaii
840 1366 932 1431 1892.

553 1469 620 1554 Ouj.
643 1468 733 1536 card.
756 1469 1030 1549 Amisi-Mosella,
1053 1469 1084 1537 S.
1103 1470 1138 1534 ll.
1156 1470 1189 1536 C.
1212 1469 1313 1537 Praef.

645 1573 826 1640 Wacentins
849 1574 958 1652 Nessi,
983 1573 1012 1640 S.
1036 1574 1071 1638 R.
1093 1573 1126 1640 C.
1151 1572 1263 1640 Secret.

137 1729 161 1785 8.
183 1729 210 1783 S.
228 1728 327 1798 Congr.
346 1729 467 1784 Rituem.
489 1727 619 1798 Urgelien
638 1727 756 1797 (Urgel).
778 1727 855 1783 Circa
869 1727 1059 1784 subdiaconum
1075 1729 1103 1783 in
1115 1729 1199 1783 Missa
1215 1729 1374 1783 Pontificali.

242 1851 286 1915 De
322 1851 468 1915 mandato
505 1851 576 1916 Rmi
610 1850 752 1933 Episcopi
790 1850 995 1933 Urgellensis‚
1032 1851 1193 1916 hodiernus
1224 1851 1375 1934 Magister

136 1954 405 2020 anremeniarum
430 1957 461 2020 in
486 1953 664 2020 Oatbedrali
688 1955 826 2020 Ecclesia
851 1953 1042 2036 Urgeliensi‚
1065 1956 1257 2038 insequentia
1281 1957 1376 2018 dubia

136 2057 248 2123 Sacrae
277 2059 403 2123 Rituum
428 2058 666 2142 Congregatieui
699 2077 752 2140 pro
784 2061 955 2140 opportuna
985 2058 1171 2124 resolutione
1200 2058 1374 2123 humillime

137 2160 280 2243 subjecit,
303 2161 469 2226 nimirum:

241 2263 322 2329 Dae.
348 2265 371 2328 l.
401 2269 448 2330 An
470 2265 680 2331 subdiaconus
702 2266 736 2330 in
759 2266 854 2332 Missa
879 2267 1053 2332 Pontificali
1077 2267 1240 2332 ascendere
1263 2268 1375 2332 debeat

137 2366 176 2430 ad
200 2367 354 2432 dexteram
382 2369 508 2435 Diaceni
532 2370 562 2434 in
586 2389 679 2435 cornu
702 2369 876 2453 Epistulae,
903 2372 971 2435 tum
1002 2372 1040 2435 ad
1065 2371 1255 2438 recitandum
1281 2372 1374 2437 simul

137 2491 208 2536 cum
236 2472 382 2537 Pontifice
412 2474 525 2556 Aquas
548 2474 628 2552 Dei,
660 2477 726 2539 tum
750 2475 788 2540 ad
813 2494 925 2558 aquam
948 2475 1168 2540 intendendam
1191 2475 1264 2540 dum
1292 2476 1373 2541 Pon-

136 2575 210 2639 tifex
233 2594 265 2639 se
288 2576 431 2657 parificat
454 2579 522 2657 post
545 2577 797 2643 comnrunionem
821 2580 926 2661 (prout
949 2579 1016 2643 nult
1042 2579 1250 2662 Martinueci)‚
1273 2581 1318 2644 uel
1336 2581 1373 2644 ed

137 2679 325 2760 praebendas
353 2679 488 2745 Diaceno
520 2681 692 2764 ampullas,
723 2683 768 2746 uti
798 2681 853 2747 alii
881 2683 988 2748 dicunt
1016 2702 1086 2747 curn
1119 2683 1290 2749 Baldeclri?
1337 2685 1376 2748 Et

135 2786 286 2865 quatenus
309 2787 469 2868 negative:

239 2885 324 2951 Dub.
348 2888 390 2955 11.
417 2891 465 2954 An
487 2890 598 2956 saltem
615 2891 652 2954 ed
670 2891 838 2974 praedicta,
860 2911 915 2957 nec
932 2911 990 2956 non
1007 2892 1045 2957 ed
1061 2893 1196 2959 sannas
1213 2893 1375 2958 ascendere

135 2991 288 3067 tencatur,
312 2991 364 3054 ubi
384 2991 457 3056 talis
481 2993 566 3076 riget
587 2994 798 3059 consuetudo?

241 3093 278 3156 Et
308 3112 396 3159 sacra
427 3096 532 3160 eadem
563 3095 788 3180 Congregatie,
819 3098 858 3161 ad
892 3098 1068 3163 relationem
1100 3099 1289 3182 infrascripti
1321 3099 1374 3163 Se·

136 3195 274 3273 croterii,
299 3217 332 3261 re
356 3200 475 3262 mature
499 3218 660 3283 perpensa,
684 3199 729 3263 ita
753 3201 917 3281 propositis
938 3201 1040 3265 dubiis
1064 3202 1183 3266 censuit
1205 3201 1372 3266 rescriben-

135 3299 218 3377 dum,
241 3299 408 3364 uiurirum:

241 3405 287 3466 Ad
313 3405 343 3468 l:
375 3405 522 3490 Ncqniioc
542 3407 578 3474 in
599 3408 751 3485 connitere,
775 3413 802 3472 ei
823 3415 961 3473 servetur
985 3409 1218 3476 Ucmmneniolc
1240 3409 1374 3491 Episco-

129 3525 247 3585 pornm
268 3507 348 3592 (Lib.
373 3509 414 3588 ΙΙ,
437 3530 502 3593 cap.
527 3511 555 3588 8,
581 3533 609 3578 n.
635 3513 675 3574 75
699 3515 729 3576 el
754 3510 820 3592 76),
845 3518 873 3576 et
895 3511 1036 3577 Robrica
1058 3514 1209 3580 Mis-ralis
1233 3515 1372 3580 Romani

135 3609 239 3688 (Ritus
263 3615 437 3679 celebrandi
464 3615 601 3692 Missum,
625 3615 675 3680 tit.
701 3615 739 3694 X,
765 3637 792 3680 n.
814 3617 860 3700 8).

240 3715 289 3780 Ad
321 3718 372 3782 ll:
419 3719 587 3803 Nequitias,
631 3724 658 3783 ci
701 3726 840 3785 servetur
878 3719 1112 3787 Uccremoniofe
1148 3721 1373 3803 Episcepornm

135 3821 216 3906 (Lib.
241 3820 281 3898 Π,
305 3839 371 3903 cap.
398 3822 428 3898 8,
451 3843 481 3886 n.
504 3822 570 3900 67).

239 3925 341 4008 Atque
365 3925 410 3989 ita
432 3925 590 4009 rescripsit
610 3925 660 3992 die
683 3927 713 3993 2.
734 3926 810 3991 Maii
834 3927 928 3994 1892.

542 4028 611 4112 Gap.
635 4029 723 4097 uara.
746 4031 1019 4110 Amisi-Macella,
1043 4031 1073 4098 S.
1099 4033 1134 4098 E.
1158 4033 1191 4100 C.
1216 4035 1316 4098 Praef.

640 4135 818 4201 Vincentius
841 4135 950 4212 Nessi,
973 4135 1004 4201 S.
1030 4137 1065 4203 R.
1090 4137 1122 4202 C.
1147 4136 1262 4204 Secret.

165 4287 190 4340 9.
222 4285 248 4340 8.
266 4287 364 4356 Congr.
383 4287 504 4343 Ritnum.
538 4287 707 4344 Mauriencn.
740 4289 911 4358 (Salat-Jcan
930 4291 963 4346 de
981 4291 1157 4362 Maurienna).
1191 4292 1268 4348 Circa
1286 4309 1346 4348 cen·

604 4377 781 4431 secretionem
799 4377 903 4432 altaris.

240 4479 333 4542 limus
367 4481 453 4544 linus
483 4480 615 4545 Michael
648 4481 776 4559 nosset,
812 4482 978 4565 Episcopus
1010 4483 1208 4562 Mauriauen,
1244 4503 1373 4566 sequens

135 4580 262 4644 dubium
297 4581 409 4648 Sacrae
442 4584 572 4648 Rituum
604 4583 843 4672 congregationi
875 4607 928 4672 pre
964 4591 1134 4672 opportuna
1166 4587 1372 4656 declaratione
