<?xml version="1.0" encoding="UTF-8"?>
<!DOCTYPE html PUBLIC "-//W3C//DTD XHTML 1.0 Transitional//EN"
    "http://www.w3.org/TR/xhtml1/DTD/xhtml1-transitional.dtd">
<html xmlns="http://www.w3.org/1999/xhtml" xml:lang="en" lang="en">
 <head>
  <title>
</title>
<meta http-equiv="Content-Type" content="text/html;charset=utf-8" />
  <meta name='ocr-system' content='tesseract 3.04.00' />
  <meta name='ocr-capabilities' content='ocr_page ocr_carea ocr_par ocr_line ocrx_word'/>
</head>
<body>
  <div class='ocr_page' id='page_1' title='image "./archivfrkatholi14unkngoog/archivfrkatholi14unkngoog_0182.png"; bbox 0 0 3268 4894; ppageno 0'>
   <div class='ocr_carea' id='block_1_1' title="bbox 413 878 1165 1144">
    <p class='ocr_par' dir='ltr' id='par_1_1' title="bbox 413 878 1165 1144">
     <span class='ocr_line' id='line_1_1' title="bbox 748 878 825 958; baseline 0 0"><span class='ocrx_word' id='word_1_1' title='bbox 748 878 825 958; x_wconf 84' lang='grc' dir='ltr'><strong>ΧΙΙΙ.</strong></span> 
     </span>
     <span class='ocr_line' id='line_1_2' title="bbox 413 1041 1165 1144; baseline 0.004 -23"><span class='ocrx_word' id='word_1_2' title='bbox 413 1041 565 1123; x_wconf 80' lang='lat' dir='ltr'><strong>decreta</strong></span> <span class='ocrx_word' id='word_1_3' title='bbox 591 1044 897 1144; x_wconf 70' lang='lat' dir='ltr'><strong>concrepationem</strong></span> <span class='ocrx_word' id='word_1_4' title='bbox 926 1043 1165 1126; x_wconf 79' lang='lat' dir='ltr'><strong>Romanorum.</strong></span> 
     </span>
    </p>
   </div>
   <div class='ocr_carea' id='block_1_2' title="bbox 164 1217 1406 1397">
    <p class='ocr_par' dir='ltr' id='par_1_2' title="bbox 164 1217 1406 1397">
     <span class='ocr_line' id='line_1_3' title="bbox 164 1217 1406 1313; baseline -0.001 -15"><span class='ocrx_word' id='word_1_5' title='bbox 164 1243 187 1298; x_wconf 89' lang='lat'><strong>1.</strong></span> <span class='ocrx_word' id='word_1_6' title='bbox 214 1243 240 1296; x_wconf 90' lang='lat' dir='ltr'><strong>S.</strong></span> <span class='ocrx_word' id='word_1_7' title='bbox 259 1241 360 1313; x_wconf 88' lang='lat' dir='ltr'><strong>Uougr.</strong></span> <span class='ocrx_word' id='word_1_8' title='bbox 379 1241 411 1296; x_wconf 86' lang='lat' dir='ltr'><strong>R.</strong></span> <span class='ocrx_word' id='word_1_9' title='bbox 430 1245 458 1296; x_wconf 90' lang='lat' dir='ltr'><strong>et</strong></span> <span class='ocrx_word' id='word_1_10' title='bbox 476 1241 508 1297; x_wconf 89' lang='lat' dir='ltr'><strong>U.</strong></span> <span class='ocrx_word' id='word_1_11' title='bbox 527 1241 629 1312; x_wconf 81' lang='lat' dir='ltr'><strong>laquis.</strong></span> <span class='ocrx_word' id='word_1_12' title='bbox 648 1241 674 1298; x_wconf 92' lang='lat' dir='ltr'><strong>d.</strong></span> <span class='ocrx_word' id='word_1_13' title='bbox 695 1217 736 1297; x_wconf 78' lang='lat' dir='ltr'><strong>ld.</strong></span> <span class='ocrx_word' id='word_1_14' title='bbox 754 1241 816 1296; x_wconf 85' lang='lat' dir='ltr'><strong>Jarr.</strong></span> <span class='ocrx_word' id='word_1_15' title='bbox 832 1240 900 1298; x_wconf 72' lang='grc'>1892</span> <span class='ocrx_word' id='word_1_16' title='bbox 918 1242 987 1298; x_wconf 85' lang='lat' dir='ltr'><strong>circa</strong></span> <span class='ocrx_word' id='word_1_17' title='bbox 1003 1243 1255 1312; x_wconf 68' lang='lat' dir='ltr'><strong>interpretationem</strong></span> <span class='ocrx_word' id='word_1_18' title='bbox 1271 1243 1406 1298; x_wconf 84' lang='lat' dir='ltr'><strong>variorum</strong></span> 
     </span>
     <span class='ocr_line' id='line_1_4' title="bbox 535 1325 1036 1397; baseline 0.004 -15"><span class='ocrx_word' id='word_1_19' title='bbox 535 1329 711 1384; x_wconf 87' lang='lat' dir='ltr'><strong>articulomm</strong></span> <span class='ocrx_word' id='word_1_20' title='bbox 730 1325 822 1382; x_wconf 71' lang='lat' dir='ltr'><strong>Uerum.</strong></span> <span class='ocrx_word' id='word_1_21' title='bbox 840 1328 933 1397; x_wconf 74' lang='lat' dir='ltr'><strong>Apoet.</strong></span> <span class='ocrx_word' id='word_1_22' title='bbox 952 1329 1036 1384; x_wconf 85' lang='lat' dir='ltr'><strong>Sedis.</strong></span> 
     </span>
    </p>
   </div>
   <div class='ocr_carea' id='block_1_3' title="bbox 265 1437 1341 1544">
    <p class='ocr_par' dir='ltr' id='par_1_3' title="bbox 265 1437 1341 1544">
     <span class='ocr_line' id='line_1_5' title="bbox 265 1437 1341 1544; baseline 0.001 -20"><span class='ocrx_word' id='word_1_23' title='bbox 265 1459 296 1524; x_wconf 88' lang='lat' dir='ltr'><strong>S.</strong></span> <span class='ocrx_word' id='word_1_24' title='bbox 320 1461 356 1526; x_wconf 87' lang='lat' dir='ltr'><strong>R.</strong></span> <span class='ocrx_word' id='word_1_25' title='bbox 380 1461 411 1522; x_wconf 93' lang='lat' dir='ltr'><strong>et</strong></span> <span class='ocrx_word' id='word_1_26' title='bbox 435 1457 470 1525; x_wconf 92' lang='lat' dir='ltr'><strong>U.</strong></span> <span class='ocrx_word' id='word_1_27' title='bbox 494 1437 691 1544; x_wconf 85' lang='lat' dir='ltr'><strong>luquisitioui</strong></span> <span class='ocrx_word' id='word_1_28' title='bbox 713 1461 875 1544; x_wconf 74' lang='lat' dir='ltr'><strong>sequentia</strong></span> <span class='ocrx_word' id='word_1_29' title='bbox 897 1461 991 1526; x_wconf 89' lang='lat' dir='ltr'><strong>dubia</strong></span> <span class='ocrx_word' id='word_1_30' title='bbox 1016 1459 1171 1544; x_wconf 88' lang='lat' dir='ltr'><strong>proposita</strong></span> <span class='ocrx_word' id='word_1_31' title='bbox 1194 1460 1341 1525; x_wconf 89' lang='lat' dir='ltr'><strong>inerunt:</strong></span> 
     </span>
    </p>
   </div>
   <div class='ocr_carea' id='block_1_4' title="bbox 157 1571 1405 3612">
    <p class='ocr_par' dir='ltr' id='par_1_4' title="bbox 162 1571 1405 1968">
     <span class='ocr_line' id='line_1_6' title="bbox 268 1571 1405 1659; baseline -0.004 -21"><span class='ocrx_word' id='word_1_32' title='bbox 268 1572 293 1638; x_wconf 93' lang='lat'><strong>1.</strong></span> <span class='ocrx_word' id='word_1_33' title='bbox 319 1572 428 1636; x_wconf 90' lang='lat' dir='ltr'><strong>Utrum</strong></span> <span class='ocrx_word' id='word_1_34' title='bbox 452 1571 585 1638; x_wconf 90' lang='lat' dir='ltr'><strong>scienter</strong></span> <span class='ocrx_word' id='word_1_35' title='bbox 609 1571 746 1659; x_wconf 86' lang='lat' dir='ltr'><strong>legentes</strong></span> <span class='ocrx_word' id='word_1_36' title='bbox 769 1573 994 1656; x_wconf 67' lang='lat' dir='ltr'><strong>publicationes</strong></span> <span class='ocrx_word' id='word_1_37' title='bbox 1010 1572 1178 1656; x_wconf 81' lang='lat' dir='ltr'><strong>periodicas</strong></span> <span class='ocrx_word' id='word_1_38' title='bbox 1194 1573 1225 1638; x_wconf 92' lang='lat' dir='ltr'><strong>iu</strong></span> <span class='ocrx_word' id='word_1_39' title='bbox 1244 1572 1405 1636; x_wconf 76' lang='lat' dir='ltr'><strong>fasciculos</strong></span> 
     </span>
     <span class='ocr_line' id='line_1_7' title="bbox 162 1676 1404 1760; baseline 0.001 -21"><span class='ocrx_word' id='word_1_40' title='bbox 162 1677 287 1758; x_wconf 87' lang='lat' dir='ltr'><strong>ligatas,</strong></span> <span class='ocrx_word' id='word_1_41' title='bbox 310 1676 459 1742; x_wconf 90' lang='lat' dir='ltr'><strong>babentes</strong></span> <span class='ocrx_word' id='word_1_42' title='bbox 483 1677 638 1742; x_wconf 82' lang='lat' dir='ltr'><strong>auctorem</strong></span> <span class='ocrx_word' id='word_1_43' title='bbox 663 1676 850 1742; x_wconf 88' lang='lat' dir='ltr'><strong>haereticum</strong></span> <span class='ocrx_word' id='word_1_44' title='bbox 873 1678 905 1743; x_wconf 87' lang='lat' dir='ltr'><strong>et</strong></span> <span class='ocrx_word' id='word_1_45' title='bbox 928 1677 1078 1743; x_wconf 87' lang='lat' dir='ltr'><strong>baeresim</strong></span> <span class='ocrx_word' id='word_1_46' title='bbox 1103 1679 1330 1760; x_wconf 79' lang='lat' dir='ltr'><strong>propugnantes</strong></span> <span class='ocrx_word' id='word_1_47' title='bbox 1353 1695 1404 1740; x_wconf 86' lang='lat' dir='ltr'><strong>er·</strong></span> 
     </span>
     <span class='ocr_line' id='line_1_8' title="bbox 162 1779 1405 1866; baseline 0.003 -24"><span class='ocrx_word' id='word_1_48' title='bbox 162 1780 469 1845; x_wconf 84' lang='lat' dir='ltr'><strong>communicationem</strong></span> <span class='ocrx_word' id='word_1_49' title='bbox 486 1781 654 1856; x_wconf 84' lang='lat' dir='ltr'><strong>incurrant,</strong></span> <span class='ocrx_word' id='word_1_50' title='bbox 678 1779 716 1846; x_wconf 90' lang='lat' dir='ltr'><strong>de</strong></span> <span class='ocrx_word' id='word_1_51' title='bbox 731 1800 792 1864; x_wconf 87' lang='lat' dir='ltr'><strong>qua</strong></span> <span class='ocrx_word' id='word_1_52' title='bbox 812 1781 902 1846; x_wconf 88' lang='lat' dir='ltr'><strong>Bulla</strong></span> <span class='ocrx_word' id='word_1_53' title='bbox 917 1780 1119 1866; x_wconf 81' lang='lat' dir='ltr'><strong>Apostolicne</strong></span> <span class='ocrx_word' id='word_1_54' title='bbox 1133 1780 1224 1846; x_wconf 74' lang='lat' dir='ltr'><strong>Sedis</strong></span> <span class='ocrx_word' id='word_1_55' title='bbox 1243 1781 1295 1846; x_wconf 87' lang='lat'><strong>12.</strong></span> <span class='ocrx_word' id='word_1_56' title='bbox 1312 1779 1405 1846; x_wconf 85' lang='lat' dir='ltr'><strong>Octo-</strong></span> 
     </span>
     <span class='ocr_line' id='line_1_9' title="bbox 162 1867 1405 1968; baseline 0.002 -22"><span class='ocrx_word' id='word_1_57' title='bbox 162 1867 226 1947; x_wconf 87' lang='lat' dir='ltr'><strong>bris</strong></span> <span class='ocrx_word' id='word_1_58' title='bbox 243 1884 335 1959; x_wconf 85' lang='grc'>1869,</span> <span class='ocrx_word' id='word_1_59' title='bbox 356 1885 387 1947; x_wconf 90' lang='lat' dir='ltr'><strong>in</strong></span> <span class='ocrx_word' id='word_1_60' title='bbox 405 1902 518 1950; x_wconf 84' lang='lat' dir='ltr'><strong>excom.</strong></span> <span class='ocrx_word' id='word_1_61' title='bbox 538 1884 673 1948; x_wconf 84' lang='lat' dir='ltr'><strong>Romano</strong></span> <span class='ocrx_word' id='word_1_62' title='bbox 690 1884 832 1949; x_wconf 85' lang='lat' dir='ltr'><strong>Pontifici</strong></span> <span class='ocrx_word' id='word_1_63' title='bbox 848 1884 972 1968; x_wconf 89' lang='lat' dir='ltr'><strong>speciali</strong></span> <span class='ocrx_word' id='word_1_64' title='bbox 989 1884 1079 1948; x_wconf 93' lang='lat' dir='ltr'><strong>modo</strong></span> <span class='ocrx_word' id='word_1_65' title='bbox 1096 1885 1269 1964; x_wconf 81' lang='lat' dir='ltr'><strong>reservatis,</strong></span> <span class='ocrx_word' id='word_1_66' title='bbox 1286 1886 1346 1952; x_wconf 90' lang='lat' dir='ltr'><strong>art.</strong></span> <span class='ocrx_word' id='word_1_67' title='bbox 1362 1885 1405 1950; x_wconf 72' lang='lat'><strong>2?</strong></span> 
     </span>
    </p>

    <p class='ocr_par' dir='ltr' id='par_1_5' title="bbox 161 1987 1404 2279">
     <span class='ocr_line' id='line_1_10' title="bbox 264 1987 1402 2074; baseline 0 -22"><span class='ocrx_word' id='word_1_68' title='bbox 264 1987 306 2055; x_wconf 92' lang='lat' dir='ltr'><strong>ll.</strong></span> <span class='ocrx_word' id='word_1_69' title='bbox 338 1987 447 2052; x_wconf 83' lang='lat' dir='ltr'><strong>Utrum</strong></span> <span class='ocrx_word' id='word_1_70' title='bbox 468 2006 521 2070; x_wconf 88' lang='lat' dir='ltr'><strong>per</strong></span> <span class='ocrx_word' id='word_1_71' title='bbox 545 1991 615 2056; x_wconf 89' lang='lat' dir='ltr'><strong>acta</strong></span> <span class='ocrx_word' id='word_1_72' title='bbox 630 2007 649 2054; x_wconf 90' lang='lat' dir='ltr'><strong>a</strong></span> <span class='ocrx_word' id='word_1_73' title='bbox 663 1987 776 2074; x_wconf 84' lang='lat' dir='ltr'><strong>Sancta</strong></span> <span class='ocrx_word' id='word_1_74' title='bbox 795 1987 873 2054; x_wconf 86' lang='lat' dir='ltr'><strong>Sede</strong></span> <span class='ocrx_word' id='word_1_75' title='bbox 896 1989 1035 2072; x_wconf 87' lang='lat' dir='ltr'><strong>protecta</strong></span> <span class='ocrx_word' id='word_1_76' title='bbox 1057 1987 1260 2072; x_wconf 82' lang='lat' dir='ltr'><strong>designentur</strong></span> <span class='ocrx_word' id='word_1_77' title='bbox 1279 1991 1402 2054; x_wconf 88' lang='lat' dir='ltr'><strong>tantum</strong></span> 
     </span>
     <span class='ocr_line' id='line_1_11' title="bbox 161 2091 1404 2182; baseline 0 -26"><span class='ocrx_word' id='word_1_78' title='bbox 161 2093 233 2156; x_wconf 88' lang='lat' dir='ltr'><strong>acta</strong></span> <span class='ocrx_word' id='word_1_79' title='bbox 261 2111 340 2175; x_wconf 80' lang='lat' dir='ltr'><strong>quiae</strong></span> <span class='ocrx_word' id='word_1_80' title='bbox 370 2091 549 2160; x_wconf 89' lang='lat' dir='ltr'><strong>immediate</strong></span> <span class='ocrx_word' id='word_1_81' title='bbox 577 2091 649 2157; x_wconf 88' lang='lat' dir='ltr'><strong>aS.</strong></span> <span class='ocrx_word' id='word_1_82' title='bbox 676 2092 824 2158; x_wconf 81' lang='lat' dir='ltr'><strong>Pontifice</strong></span> <span class='ocrx_word' id='word_1_83' title='bbox 845 2092 1097 2182; x_wconf 84' lang='lat' dir='ltr'><strong>proficiscuntur,</strong></span> <span class='ocrx_word' id='word_1_84' title='bbox 1130 2111 1168 2157; x_wconf 93' lang='lat' dir='ltr'><strong>an</strong></span> <span class='ocrx_word' id='word_1_85' title='bbox 1201 2091 1294 2156; x_wconf 89' lang='lat' dir='ltr'><strong>etiam</strong></span> <span class='ocrx_word' id='word_1_86' title='bbox 1326 2111 1404 2174; x_wconf 86' lang='lat' dir='ltr'><strong>quae</strong></span> 
     </span>
     <span class='ocr_line' id='line_1_12' title="bbox 164 2193 1058 2279; baseline 0 -19"><span class='ocrx_word' id='word_1_87' title='bbox 164 2195 298 2260; x_wconf 88' lang='lat' dir='ltr'><strong>mediate</strong></span> <span class='ocrx_word' id='word_1_88' title='bbox 320 2216 339 2259; x_wconf 93' lang='lat' dir='ltr'><strong>a</strong></span> <span class='ocrx_word' id='word_1_89' title='bbox 361 2193 413 2261; x_wconf 84' lang='lat' dir='ltr'><strong>SS.</strong></span> <span class='ocrx_word' id='word_1_90' title='bbox 442 2195 506 2262; x_wconf 80' lang='lat' dir='ltr'><strong>llll.</strong></span> <span class='ocrx_word' id='word_1_91' title='bbox 529 2195 828 2278; x_wconf 73' lang='lat' dir='ltr'><strong>congregationibus</strong></span> <span class='ocrx_word' id='word_1_92' title='bbox 851 2197 1058 2279; x_wconf 78' lang='lat' dir='ltr'><strong>proueniunt?</strong></span> 
     </span>
    </p>

    <p class='ocr_par' dir='ltr' id='par_1_6' title="bbox 162 2298 1401 2486">
     <span class='ocr_line' id='line_1_13' title="bbox 268 2298 1401 2383; baseline 0.001 -20"><span class='ocrx_word' id='word_1_93' title='bbox 268 2299 325 2364; x_wconf 90' lang='lat' dir='ltr'><strong>Ill.</strong></span> <span class='ocrx_word' id='word_1_94' title='bbox 359 2299 468 2364; x_wconf 87' lang='lat' dir='ltr'><strong>Utrum</strong></span> <span class='ocrx_word' id='word_1_95' title='bbox 492 2299 687 2364; x_wconf 81' lang='lat' dir='ltr'><strong>absolventes</strong></span> <span class='ocrx_word' id='word_1_96' title='bbox 711 2299 891 2383; x_wconf 84' lang='lat' dir='ltr'><strong>complicem</strong></span> <span class='ocrx_word' id='word_1_97' title='bbox 915 2300 946 2364; x_wconf 92' lang='lat' dir='ltr'><strong>in</strong></span> <span class='ocrx_word' id='word_1_98' title='bbox 971 2317 1002 2363; x_wconf 91' lang='lat' dir='ltr'><strong>re</strong></span> <span class='ocrx_word' id='word_1_99' title='bbox 1025 2299 1107 2383; x_wconf 86' lang='lat' dir='ltr'><strong>turpi</strong></span> <span class='ocrx_word' id='word_1_100' title='bbox 1131 2317 1200 2364; x_wconf 89' lang='lat' dir='ltr'><strong>cum</strong></span> <span class='ocrx_word' id='word_1_101' title='bbox 1224 2298 1401 2382; x_wconf 85' lang='lat' dir='ltr'><strong>ignorantia</strong></span> 
     </span>
     <span class='ocr_line' id='line_1_14' title="bbox 162 2403 1286 2486; baseline 0.004 -19"><span class='ocrx_word' id='word_1_102' title='bbox 162 2422 266 2468; x_wconf 87' lang='lat' dir='ltr'><strong>crassa</strong></span> <span class='ocrx_word' id='word_1_103' title='bbox 288 2408 320 2467; x_wconf 88' lang='lat' dir='ltr'><strong>et</strong></span> <span class='ocrx_word' id='word_1_104' title='bbox 342 2403 452 2486; x_wconf 87' lang='lat' dir='ltr'><strong>supine</strong></span> <span class='ocrx_word' id='word_1_105' title='bbox 472 2403 552 2469; x_wconf 88' lang='lat' dir='ltr'><strong>hauc</strong></span> <span class='ocrx_word' id='word_1_106' title='bbox 574 2403 918 2469; x_wconf 84' lang='lat' dir='ltr'><strong>excommunicationem</strong></span> <span class='ocrx_word' id='word_1_107' title='bbox 941 2403 1103 2468; x_wconf 86' lang='lat' dir='ltr'><strong>incurrant</strong></span> <span class='ocrx_word' id='word_1_108' title='bbox 1127 2403 1175 2468; x_wconf 82' lang='lat' dir='ltr'><strong>rel</strong></span> <span class='ocrx_word' id='word_1_109' title='bbox 1198 2403 1286 2472; x_wconf 84' lang='lat' dir='ltr'><strong>uon?</strong></span> 
     </span>
    </p>

    <p class='ocr_par' dir='ltr' id='par_1_7' title="bbox 161 2506 1399 2794">
     <span class='ocr_line' id='line_1_15' title="bbox 265 2506 1399 2592; baseline -0.001 -21"><span class='ocrx_word' id='word_1_110' title='bbox 265 2507 318 2572; x_wconf 82' lang='lat' dir='ltr'><strong>lv.</strong></span> <span class='ocrx_word' id='word_1_111' title='bbox 348 2507 458 2572; x_wconf 86' lang='lat' dir='ltr'><strong>Utrum</strong></span> <span class='ocrx_word' id='word_1_112' title='bbox 482 2507 664 2592; x_wconf 82' lang='lat' dir='ltr'><strong>colligentes</strong></span> <span class='ocrx_word' id='word_1_113' title='bbox 684 2507 894 2592; x_wconf 82' lang='lat' dir='ltr'><strong>eleemosynas</strong></span> <span class='ocrx_word' id='word_1_114' title='bbox 917 2507 1043 2590; x_wconf 73' lang='lat' dir='ltr'><strong>maioris</strong></span> <span class='ocrx_word' id='word_1_115' title='bbox 1060 2506 1151 2591; x_wconf 89' lang='lat' dir='ltr'><strong>pretii</strong></span> <span class='ocrx_word' id='word_1_116' title='bbox 1169 2526 1221 2590; x_wconf 91' lang='lat' dir='ltr'><strong>pro</strong></span> <span class='ocrx_word' id='word_1_117' title='bbox 1237 2507 1349 2582; x_wconf 82' lang='lat' dir='ltr'><strong>missis,</strong></span> <span class='ocrx_word' id='word_1_118' title='bbox 1372 2507 1399 2571; x_wconf 89' lang='lat' dir='ltr'><strong>si</strong></span> 
     </span>
     <span class='ocr_line' id='line_1_16' title="bbox 161 2610 1399 2694; baseline 0.001 -20"><span class='ocrx_word' id='word_1_119' title='bbox 161 2630 212 2675; x_wconf 86' lang='lat' dir='ltr'><strong>eas</strong></span> <span class='ocrx_word' id='word_1_120' title='bbox 235 2610 382 2675; x_wconf 88' lang='lat' dir='ltr'><strong>celebrari</strong></span> <span class='ocrx_word' id='word_1_121' title='bbox 405 2611 523 2675; x_wconf 86' lang='lat' dir='ltr'><strong>iaciunt</strong></span> <span class='ocrx_word' id='word_1_122' title='bbox 546 2611 577 2675; x_wconf 91' lang='lat' dir='ltr'><strong>in</strong></span> <span class='ocrx_word' id='word_1_123' title='bbox 597 2611 701 2676; x_wconf 93' lang='lat' dir='ltr'><strong>eodem</strong></span> <span class='ocrx_word' id='word_1_124' title='bbox 721 2611 786 2676; x_wconf 92' lang='lat' dir='ltr'><strong>loco</strong></span> <span class='ocrx_word' id='word_1_125' title='bbox 803 2611 853 2675; x_wconf 90' lang='lat' dir='ltr'><strong>ubi</strong></span> <span class='ocrx_word' id='word_1_126' title='bbox 870 2610 1071 2694; x_wconf 77' lang='lat' dir='ltr'><strong>collegerunt</strong></span> <span class='ocrx_word' id='word_1_127' title='bbox 1092 2630 1146 2694; x_wconf 87' lang='lat' dir='ltr'><strong>pro</strong></span> <span class='ocrx_word' id='word_1_128' title='bbox 1164 2611 1274 2676; x_wconf 88' lang='lat' dir='ltr'><strong>minori</strong></span> <span class='ocrx_word' id='word_1_129' title='bbox 1291 2613 1399 2694; x_wconf 77' lang='lat' dir='ltr'><strong>pretio,</strong></span> 
     </span>
     <span class='ocr_line' id='line_1_17' title="bbox 162 2716 760 2794; baseline 0.005 -16"><span class='ocrx_word' id='word_1_130' title='bbox 162 2716 241 2780; x_wconf 91' lang='lat' dir='ltr'><strong>banc</strong></span> <span class='ocrx_word' id='word_1_131' title='bbox 261 2734 421 2780; x_wconf 87' lang='lat' dir='ltr'><strong>censuram</strong></span> <span class='ocrx_word' id='word_1_132' title='bbox 446 2716 616 2794; x_wconf 75' lang='lat' dir='ltr'><strong>incurrant,</strong></span> <span class='ocrx_word' id='word_1_133' title='bbox 641 2719 760 2781; x_wconf 80' lang='lat' dir='ltr'><strong>necne?</strong></span> 
     </span>
    </p>

    <p class='ocr_par' dir='ltr' id='par_1_8' title="bbox 158 2819 1403 3208">
     <span class='ocr_line' id='line_1_18' title="bbox 265 2819 1403 2904; baseline 0.004 -24"><span class='ocrx_word' id='word_1_134' title='bbox 265 2819 300 2883; x_wconf 88' lang='lat' dir='ltr'><strong>V.</strong></span> <span class='ocrx_word' id='word_1_135' title='bbox 333 2819 442 2884; x_wconf 88' lang='lat' dir='ltr'><strong>Utrum</strong></span> <span class='ocrx_word' id='word_1_136' title='bbox 473 2819 603 2884; x_wconf 89' lang='lat' dir='ltr'><strong>clericus</strong></span> <span class='ocrx_word' id='word_1_137' title='bbox 636 2819 668 2886; x_wconf 86' lang='lat' dir='ltr'><strong>io</strong></span> <span class='ocrx_word' id='word_1_138' title='bbox 697 2820 794 2886; x_wconf 88' lang='lat' dir='ltr'><strong>sacris</strong></span> <span class='ocrx_word' id='word_1_139' title='bbox 824 2820 1030 2898; x_wconf 89' lang='lat' dir='ltr'><strong>constitutus,</strong></span> <span class='ocrx_word' id='word_1_140' title='bbox 1063 2819 1110 2888; x_wconf 85' lang='lat' dir='ltr'><strong>uel</strong></span> <span class='ocrx_word' id='word_1_141' title='bbox 1145 2820 1315 2904; x_wconf 81' lang='lat' dir='ltr'><strong>regularis,</strong></span> <span class='ocrx_word' id='word_1_142' title='bbox 1347 2821 1403 2884; x_wconf 88' lang='lat' dir='ltr'><strong>aut</strong></span> 
     </span>
     <span class='ocr_line' id='line_1_19' title="bbox 158 2922 1399 3005; baseline 0.001 -18"><span class='ocrx_word' id='word_1_143' title='bbox 158 2922 311 2999; x_wconf 86' lang='lat' dir='ltr'><strong>monialis,</strong></span> <span class='ocrx_word' id='word_1_144' title='bbox 334 2923 360 2986; x_wconf 90' lang='lat' dir='ltr'><strong>ei</strong></span> <span class='ocrx_word' id='word_1_145' title='bbox 384 2924 505 3005; x_wconf 88' lang='lat' dir='ltr'><strong>praeter</strong></span> <span class='ocrx_word' id='word_1_146' title='bbox 527 2923 739 3005; x_wconf 90' lang='lat' dir='ltr'><strong>impedimenti</strong></span> <span class='ocrx_word' id='word_1_147' title='bbox 765 2924 825 2989; x_wconf 86' lang='lat' dir='ltr'><strong>uoti</strong></span> <span class='ocrx_word' id='word_1_148' title='bbox 849 2923 993 2988; x_wconf 88' lang='lat' dir='ltr'><strong>solemnis</strong></span> <span class='ocrx_word' id='word_1_149' title='bbox 1016 2924 1174 2988; x_wconf 88' lang='lat' dir='ltr'><strong>castitatis</strong></span> <span class='ocrx_word' id='word_1_150' title='bbox 1199 2923 1261 2988; x_wconf 91' lang='lat' dir='ltr'><strong>alia</strong></span> <span class='ocrx_word' id='word_1_151' title='bbox 1286 2923 1399 2988; x_wconf 88' lang='lat' dir='ltr'><strong>babeat</strong></span> 
     </span>
     <span class='ocr_line' id='line_1_20' title="bbox 158 3025 1397 3110; baseline 0 -20"><span class='ocrx_word' id='word_1_152' title='bbox 158 3025 396 3109; x_wconf 82' lang='lat' dir='ltr'><strong>impedimenta,</strong></span> <span class='ocrx_word' id='word_1_153' title='bbox 420 3045 465 3091; x_wconf 85' lang='lat' dir='ltr'><strong>er.</strong></span> <span class='ocrx_word' id='word_1_154' title='bbox 489 3046 535 3109; x_wconf 89' lang='lat' dir='ltr'><strong>gr.</strong></span> <span class='ocrx_word' id='word_1_155' title='bbox 559 3027 742 3104; x_wconf 80' lang='lat' dir='ltr'><strong>affinitatis,</strong></span> <span class='ocrx_word' id='word_1_156' title='bbox 765 3027 1043 3110; x_wconf 84' lang='lat' dir='ltr'><strong>consanguinitatis</strong></span> <span class='ocrx_word' id='word_1_157' title='bbox 1065 3027 1144 3090; x_wconf 90' lang='lat' dir='ltr'><strong>banc</strong></span> <span class='ocrx_word' id='word_1_158' title='bbox 1167 3045 1326 3092; x_wconf 83' lang='lat' dir='ltr'><strong>censuram</strong></span> <span class='ocrx_word' id='word_1_159' title='bbox 1350 3027 1397 3091; x_wconf 89' lang='lat' dir='ltr'><strong>in-</strong></span> 
     </span>
     <span class='ocr_line' id='line_1_21' title="bbox 159 3132 483 3208; baseline 0.006 -15"><span class='ocrx_word' id='word_1_160' title='bbox 159 3132 297 3208; x_wconf 84' lang='lat' dir='ltr'><strong>currant,</strong></span> <span class='ocrx_word' id='word_1_161' title='bbox 321 3134 377 3195; x_wconf 90' lang='lat' dir='ltr'><strong>aut</strong></span> <span class='ocrx_word' id='word_1_162' title='bbox 401 3132 483 3196; x_wconf 77' lang='lat' dir='ltr'><strong>nou?</strong></span> 
     </span>
    </p>

    <p class='ocr_par' dir='ltr' id='par_1_9' title="bbox 157 3233 1400 3612">
     <span class='ocr_line' id='line_1_22' title="bbox 263 3233 1400 3317; baseline 0 -19"><span class='ocrx_word' id='word_1_163' title='bbox 263 3233 316 3298; x_wconf 85' lang='lat' dir='ltr'><strong>Vl.</strong></span> <span class='ocrx_word' id='word_1_164' title='bbox 347 3233 435 3316; x_wconf 85' lang='lat' dir='ltr'><strong>Quod</strong></span> <span class='ocrx_word' id='word_1_165' title='bbox 458 3234 681 3302; x_wconf 88' lang='lat' dir='ltr'><strong>absolutionem</strong></span> <span class='ocrx_word' id='word_1_166' title='bbox 705 3253 904 3299; x_wconf 90' lang='lat' dir='ltr'><strong>censurarum</strong></span> <span class='ocrx_word' id='word_1_167' title='bbox 927 3233 1102 3317; x_wconf 88' lang='lat' dir='ltr'><strong>specialiter</strong></span> <span class='ocrx_word' id='word_1_168' title='bbox 1122 3238 1347 3300; x_wconf 88' lang='lat' dir='ltr'><strong>reservatarnm</strong></span> <span class='ocrx_word' id='word_1_169' title='bbox 1370 3237 1400 3298; x_wconf 91' lang='lat' dir='ltr'><strong>iu</strong></span> 
     </span>
     <span class='ocr_line' id='line_1_23' title="bbox 157 3337 1398 3421; baseline 0.002 -20"><span class='ocrx_word' id='word_1_170' title='bbox 157 3337 290 3402; x_wconf 86' lang='lat' dir='ltr'><strong>articulo</strong></span> <span class='ocrx_word' id='word_1_171' title='bbox 314 3339 359 3402; x_wconf 92' lang='lat' dir='ltr'><strong>vel</strong></span> <span class='ocrx_word' id='word_1_172' title='bbox 383 3338 517 3421; x_wconf 90' lang='lat' dir='ltr'><strong>periculo</strong></span> <span class='ocrx_word' id='word_1_173' title='bbox 540 3338 648 3404; x_wconf 87' lang='lat' dir='ltr'><strong>mortis</strong></span> <span class='ocrx_word' id='word_1_174' title='bbox 671 3338 851 3404; x_wconf 86' lang='lat' dir='ltr'><strong>dubitatur:</strong></span> <span class='ocrx_word' id='word_1_175' title='bbox 874 3340 978 3402; x_wconf 89' lang='lat' dir='ltr'><strong>utrum</strong></span> <span class='ocrx_word' id='word_1_176' title='bbox 1001 3338 1142 3403; x_wconf 83' lang='lat' dir='ltr'><strong>infirmus</strong></span> <span class='ocrx_word' id='word_1_177' title='bbox 1165 3339 1191 3402; x_wconf 92' lang='lat' dir='ltr'><strong>si</strong></span> <span class='ocrx_word' id='word_1_178' title='bbox 1211 3338 1398 3404; x_wconf 85' lang='lat' dir='ltr'><strong>convalescit</strong></span> 
     </span>
     <span class='ocr_line' id='line_1_24' title="bbox 157 3441 1399 3526; baseline 0.002 -22"><span class='ocrx_word' id='word_1_179' title='bbox 157 3444 188 3504; x_wconf 87' lang='lat' dir='ltr'><strong>et</strong></span> <span class='ocrx_word' id='word_1_180' title='bbox 210 3459 288 3506; x_wconf 88' lang='lat' dir='ltr'><strong>onus</strong></span> <span class='ocrx_word' id='word_1_181' title='bbox 308 3460 367 3506; x_wconf 89' lang='lat' dir='ltr'><strong>uon</strong></span> <span class='ocrx_word' id='word_1_182' title='bbox 391 3441 542 3526; x_wconf 89' lang='lat' dir='ltr'><strong>adimplet</strong></span> <span class='ocrx_word' id='word_1_183' title='bbox 563 3459 596 3508; x_wconf 91' lang='lat' dir='ltr'><strong>se</strong></span> <span class='ocrx_word' id='word_1_184' title='bbox 618 3441 833 3524; x_wconf 89' lang='lat' dir='ltr'><strong>praesentandi</strong></span> <span class='ocrx_word' id='word_1_185' title='bbox 852 3442 1020 3526; x_wconf 85' lang='lat' dir='ltr'><strong>superiori,</strong></span> <span class='ocrx_word' id='word_1_186' title='bbox 1049 3443 1079 3506; x_wconf 90' lang='lat' dir='ltr'><strong>in</strong></span> <span class='ocrx_word' id='word_1_187' title='bbox 1111 3442 1251 3507; x_wconf 91' lang='lat' dir='ltr'><strong>eamdem</strong></span> <span class='ocrx_word' id='word_1_188' title='bbox 1279 3461 1399 3508; x_wconf 83' lang='lat' dir='ltr'><strong>excom·</strong></span> 
     </span>
     <span class='ocr_line' id='line_1_25' title="bbox 160 3545 744 3612; baseline 0 -2"><span class='ocrx_word' id='word_1_189' title='bbox 160 3545 399 3612; x_wconf 90' lang='lat' dir='ltr'><strong>municatiouem</strong></span> <span class='ocrx_word' id='word_1_190' title='bbox 423 3545 576 3612; x_wconf 85' lang='lat' dir='ltr'><strong>reincidat</strong></span> <span class='ocrx_word' id='word_1_191' title='bbox 597 3565 637 3610; x_wconf 89' lang='lat' dir='ltr'><strong>an</strong></span> <span class='ocrx_word' id='word_1_192' title='bbox 661 3547 744 3610; x_wconf 77' lang='lat' dir='ltr'><strong>uon?</strong></span> 
     </span>
    </p>
   </div>
   <div class='ocr_carea' id='block_1_5' title="bbox 264 3657 864 3726">
    <p class='ocr_par' dir='ltr' id='par_1_10' title="bbox 264 3657 864 3726">
     <span class='ocr_line' id='line_1_26' title="bbox 264 3657 864 3726; baseline 0.003 -4"><span class='ocrx_word' id='word_1_193' title='bbox 264 3657 353 3724; x_wconf 79' lang='lat' dir='ltr'><strong>Uaria</strong></span> <span class='ocrx_word' id='word_1_194' title='bbox 375 3657 430 3726; x_wconf 87' lang='lat' dir='ltr'><strong>lv.</strong></span> <span class='ocrx_word' id='word_1_195' title='bbox 454 3657 504 3724; x_wconf 90' lang='lat' dir='ltr'><strong>dio</strong></span> <span class='ocrx_word' id='word_1_196' title='bbox 530 3657 577 3724; x_wconf 84' lang='lat'><strong>13.</strong></span> <span class='ocrx_word' id='word_1_197' title='bbox 602 3657 746 3723; x_wconf 83' lang='lat' dir='ltr'><strong>lanuarii</strong></span> <span class='ocrx_word' id='word_1_198' title='bbox 772 3657 864 3724; x_wconf 84' lang='lat'><strong>1892.</strong></span> 
     </span>
    </p>
   </div>
   <div class='ocr_carea' id='block_1_6' title="bbox 156 3767 1402 4160">
    <p class='ocr_par' dir='ltr' id='par_1_11' title="bbox 156 3767 1402 4160">
     <span class='ocr_line' id='line_1_27' title="bbox 263 3767 1402 3856; baseline 0.001 -19"><span class='ocrx_word' id='word_1_199' title='bbox 263 3771 297 3837; x_wconf 90' lang='lat' dir='ltr'><strong>In</strong></span> <span class='ocrx_word' id='word_1_200' title='bbox 313 3769 560 3854; x_wconf 75' lang='lat' dir='ltr'><strong>congregatione</strong></span> <span class='ocrx_word' id='word_1_201' title='bbox 575 3767 721 3838; x_wconf 86' lang='lat' dir='ltr'><strong>Uencrali</strong></span> <span class='ocrx_word' id='word_1_202' title='bbox 737 3769 767 3835; x_wconf 85' lang='lat' dir='ltr'><strong>S.</strong></span> <span class='ocrx_word' id='word_1_203' title='bbox 786 3769 870 3836; x_wconf 83' lang='lat' dir='ltr'><strong>Rom.</strong></span> <span class='ocrx_word' id='word_1_204' title='bbox 888 3771 919 3834; x_wconf 91' lang='lat' dir='ltr'><strong>et</strong></span> <span class='ocrx_word' id='word_1_205' title='bbox 936 3769 1025 3836; x_wconf 84' lang='lat' dir='ltr'><strong>Uuir.</strong></span> <span class='ocrx_word' id='word_1_206' title='bbox 1045 3771 1267 3856; x_wconf 85' lang='lat' dir='ltr'><strong>inquisitionis,</strong></span> <span class='ocrx_word' id='word_1_207' title='bbox 1293 3772 1402 3838; x_wconf 82' lang='lat' dir='ltr'><strong>habita</strong></span> 
     </span>
     <span class='ocr_line' id='line_1_28' title="bbox 157 3871 1399 3958; baseline 0 -18"><span class='ocrx_word' id='word_1_208' title='bbox 157 3893 258 3940; x_wconf 83' lang='lat' dir='ltr'><strong>coram</strong></span> <span class='ocrx_word' id='word_1_209' title='bbox 283 3874 368 3940; x_wconf 75' lang='lat' dir='ltr'><strong>umis</strong></span> <span class='ocrx_word' id='word_1_210' title='bbox 391 3875 422 3938; x_wconf 93' lang='lat' dir='ltr'><strong>et</strong></span> <span class='ocrx_word' id='word_1_211' title='bbox 443 3873 529 3939; x_wconf 85' lang='lat' dir='ltr'><strong>Bmie</strong></span> <span class='ocrx_word' id='word_1_212' title='bbox 553 3873 621 3940; x_wconf 87' lang='lat' dir='ltr'><strong>UD.</strong></span> <span class='ocrx_word' id='word_1_213' title='bbox 637 3871 669 3940; x_wconf 83' lang='lat' dir='ltr'><strong>S.</strong></span> <span class='ocrx_word' id='word_1_214' title='bbox 692 3873 725 3940; x_wconf 89' lang='lat' dir='ltr'><strong>u.</strong></span> <span class='ocrx_word' id='word_1_215' title='bbox 746 3873 781 3939; x_wconf 83' lang='lat' dir='ltr'><strong>ll.</strong></span> <span class='ocrx_word' id='word_1_216' title='bbox 799 3873 1017 3942; x_wconf 88' lang='lat' dir='ltr'><strong>Uardiualibus</strong></span> <span class='ocrx_word' id='word_1_217' title='bbox 1038 3873 1240 3941; x_wconf 85' lang='lat' dir='ltr'><strong>Generalibue</strong></span> <span class='ocrx_word' id='word_1_218' title='bbox 1263 3875 1399 3958; x_wconf 85' lang='lat' dir='ltr'><strong>Inquisi-</strong></span> 
     </span>
     <span class='ocr_line' id='line_1_29' title="bbox 156 3977 1400 4062; baseline 0.002 -20"><span class='ocrx_word' id='word_1_219' title='bbox 156 3980 284 4056; x_wconf 86' lang='lat' dir='ltr'><strong>inribus,</strong></span> <span class='ocrx_word' id='word_1_220' title='bbox 308 3979 471 4062; x_wconf 89' lang='lat' dir='ltr'><strong>propositis</strong></span> <span class='ocrx_word' id='word_1_221' title='bbox 493 3977 711 4061; x_wconf 87' lang='lat' dir='ltr'><strong>suprascriptis</strong></span> <span class='ocrx_word' id='word_1_222' title='bbox 734 3977 849 4054; x_wconf 85' lang='lat' dir='ltr'><strong>dubiis,</strong></span> <span class='ocrx_word' id='word_1_223' title='bbox 871 3997 907 4042; x_wconf 91' lang='lat' dir='ltr'><strong>ac</strong></span> <span class='ocrx_word' id='word_1_224' title='bbox 932 3979 1111 4060; x_wconf 87' lang='lat' dir='ltr'><strong>praehabito</strong></span> <span class='ocrx_word' id='word_1_225' title='bbox 1134 3981 1204 4044; x_wconf 86' lang='lat' dir='ltr'><strong>uoto</strong></span> <span class='ocrx_word' id='word_1_226' title='bbox 1229 3979 1296 4046; x_wconf 87' lang='lat' dir='ltr'><strong>UD.</strong></span> <span class='ocrx_word' id='word_1_227' title='bbox 1318 3979 1400 4046; x_wconf 83' lang='lat' dir='ltr'><strong>Uon-</strong></span> 
     </span>
     <span class='ocr_line' id='line_1_30' title="bbox 156 4079 1150 4160; baseline 0.001 -12"><span class='ocrx_word' id='word_1_228' title='bbox 156 4083 320 4160; x_wconf 78' lang='lat' dir='ltr'><strong>eultorum</strong></span> <span class='ocrx_word' id='word_1_229' title='bbox 343 4081 435 4148; x_wconf 90' lang='lat' dir='ltr'><strong>iidem</strong></span> <span class='ocrx_word' id='word_1_230' title='bbox 460 4083 528 4148; x_wconf 83' lang='lat' dir='ltr'><strong>llmi</strong></span> <span class='ocrx_word' id='word_1_231' title='bbox 550 4101 586 4147; x_wconf 93' lang='lat' dir='ltr'><strong>ac</strong></span> <span class='ocrx_word' id='word_1_232' title='bbox 610 4079 682 4150; x_wconf 88' lang='lat' dir='ltr'><strong>ltrni</strong></span> <span class='ocrx_word' id='word_1_233' title='bbox 708 4082 774 4149; x_wconf 85' lang='lat' dir='ltr'><strong>UD.</strong></span> <span class='ocrx_word' id='word_1_234' title='bbox 798 4083 924 4149; x_wconf 82' lang='lat' dir='ltr'><strong>rescribi</strong></span> <span class='ocrx_word' id='word_1_235' title='bbox 949 4083 1150 4150; x_wconf 88' lang='lat' dir='ltr'><strong>mandarunt:</strong></span> 
     </span>
    </p>
   </div>
   <div class='ocr_carea' id='block_1_7' title="bbox 186 4193 1392 4777">
    <p class='ocr_par' dir='ltr' id='par_1_12' title="bbox 260 4193 1392 4679">
     <span class='ocr_line' id='line_1_31' title="bbox 263 4193 614 4278; baseline 0.003 -20"><span class='ocrx_word' id='word_1_236' title='bbox 263 4194 322 4262; x_wconf 83' lang='lat' dir='ltr'><strong>Ad.</strong></span> <span class='ocrx_word' id='word_1_237' title='bbox 345 4193 378 4260; x_wconf 90' lang='lat' dir='ltr'><strong>l:</strong></span> <span class='ocrx_word' id='word_1_238' title='bbox 401 4195 614 4278; x_wconf 74' lang='lat' dir='ltr'><strong>Asfimnotr&#39;oe.</strong></span> 
     </span>
     <span class='ocr_line' id='line_1_32' title="bbox 260 4297 1370 4382; baseline 0.002 -20"><span class='ocrx_word' id='word_1_239' title='bbox 260 4299 310 4363; x_wconf 79' lang='lat' dir='ltr'><strong>Ad</strong></span> <span class='ocrx_word' id='word_1_240' title='bbox 332 4297 382 4364; x_wconf 82' lang='lat'><strong>11:</strong></span> <span class='ocrx_word' id='word_1_241' title='bbox 407 4299 556 4382; x_wconf 76' lang='lat' dir='ltr'><strong>Nepotioe</strong></span> <span class='ocrx_word' id='word_1_242' title='bbox 576 4299 621 4366; x_wconf 84' lang='lat' dir='ltr'><strong>ed</strong></span> <span class='ocrx_word' id='word_1_243' title='bbox 638 4299 779 4381; x_wconf 81' lang='lat' dir='ltr'><strong>primum</strong></span> <span class='ocrx_word' id='word_1_244' title='bbox 798 4304 942 4380; x_wconf 65' lang='lat' dir='ltr'><strong>purtem</strong></span> <span class='ocrx_word' id='word_1_245' title='bbox 965 4299 1104 4382; x_wconf 68' lang='lat' dir='ltr'><strong>regmine</strong></span> <span class='ocrx_word' id='word_1_246' title='bbox 1124 4300 1169 4366; x_wconf 83' lang='lat' dir='ltr'><strong>od</strong></span> <span class='ocrx_word' id='word_1_247' title='bbox 1190 4299 1370 4366; x_wconf 73' lang='lat' dir='ltr'><strong>comodum.</strong></span> 
     </span>
     <span class='ocr_line' id='line_1_33' title="bbox 260 4401 771 4480; baseline 0 -12"><span class='ocrx_word' id='word_1_248' title='bbox 260 4401 308 4468; x_wconf 79' lang='lat' dir='ltr'><strong>Ad</strong></span> <span class='ocrx_word' id='word_1_249' title='bbox 334 4401 398 4468; x_wconf 89' lang='lat'>111:</span> <span class='ocrx_word' id='word_1_250' title='bbox 423 4402 465 4468; x_wconf 85' lang='lat' dir='ltr'><strong>Iu</strong></span> <span class='ocrx_word' id='word_1_251' title='bbox 489 4423 575 4480; x_wconf 73' lang='lat' dir='ltr'><strong>come,</strong></span> <span class='ocrx_word' id='word_1_252' title='bbox 599 4404 771 4470; x_wconf 79' lang='lat' dir='ltr'><strong>incurrere.</strong></span> 
     </span>
     <span class='ocr_line' id='line_1_34' title="bbox 261 4506 1392 4592; baseline 0.002 -22"><span class='ocrx_word' id='word_1_253' title='bbox 261 4506 307 4570; x_wconf 80' lang='lat' dir='ltr'><strong>Ad</strong></span> <span class='ocrx_word' id='word_1_254' title='bbox 332 4506 395 4574; x_wconf 86' lang='lat' dir='ltr'><strong>IV:</strong></span> <span class='ocrx_word' id='word_1_255' title='bbox 420 4507 620 4590; x_wconf 64' lang='lat' dir='ltr'><strong>affirmative</strong></span> <span class='ocrx_word' id='word_1_256' title='bbox 635 4507 679 4573; x_wconf 82' lang='lat' dir='ltr'><strong>ad</strong></span> <span class='ocrx_word' id='word_1_257' title='bbox 691 4507 830 4588; x_wconf 82' lang='lat' dir='ltr'><strong>primum</strong></span> <span class='ocrx_word' id='word_1_258' title='bbox 840 4513 984 4588; x_wconf 63' lang='lat' dir='ltr'><strong>purtem</strong></span> <span class='ocrx_word' id='word_1_259' title='bbox 1006 4509 1144 4592; x_wconf 60' lang='lat' dir='ltr'><strong>noane</strong></span> <span class='ocrx_word' id='word_1_260' title='bbox 1156 4507 1201 4572; x_wconf 86' lang='lat' dir='ltr'><strong>ud</strong></span> <span class='ocrx_word' id='word_1_261' title='bbox 1215 4507 1392 4573; x_wconf 75' lang='lat' dir='ltr'><strong>ewardum.</strong></span> 
     </span>
     <span class='ocr_line' id='line_1_35' title="bbox 262 4609 584 4679; baseline 0.016 -5"><span class='ocrx_word' id='word_1_262' title='bbox 262 4609 310 4676; x_wconf 81' lang='lat' dir='ltr'><strong>Ad</strong></span> <span class='ocrx_word' id='word_1_263' title='bbox 336 4610 380 4676; x_wconf 82' lang='lat' dir='ltr'><strong>V:</strong></span> <span class='ocrx_word' id='word_1_264' title='bbox 404 4611 584 4679; x_wconf 81' lang='lat' dir='ltr'><strong>Incurrere.</strong></span> 
     </span>
    </p>

    <p class='ocr_par' dir='ltr' id='par_1_13' title="bbox 186 4713 1296 4777">
     <span class='ocr_line' id='line_1_36' title="bbox 186 4713 1296 4777; baseline 0.004 -10"><span class='ocrx_word' id='word_1_265' title='bbox 186 4719 280 4768; x_wconf 72' lang='lat' dir='ltr'><strong>Archiv</strong></span> <span class='ocrx_word' id='word_1_266' title='bbox 295 4721 334 4769; x_wconf 70' lang='lat' dir='ltr'><strong>mr</strong></span> <span class='ocrx_word' id='word_1_267' title='bbox 352 4721 540 4770; x_wconf 84' lang='lat' dir='ltr'><strong>Kirobeuroebt.</strong></span> <span class='ocrx_word' id='word_1_268' title='bbox 557 4721 670 4770; x_wconf 74' lang='lat' dir='ltr'><strong>xuvm.</strong></span> <span class='ocrx_word' id='word_1_269' title='bbox 1257 4713 1296 4777; x_wconf 81' lang='lat'><strong>12</strong></span> 
     </span>
    </p>
   </div>
   <div class='ocr_carea' id='block_1_8' title="bbox 0 0 1638 4894">
    <p class='ocr_par' dir='ltr' id='par_1_14' title="bbox 0 0 1638 4894">
     <span class='ocr_line' id='line_1_37' title="bbox 0 0 1638 4894; baseline 0 3"><span class='ocrx_word' id='word_1_270' title='bbox 0 0 1638 4894; x_wconf 95' lang='lat' dir='ltr'><strong> </strong></span> 
     </span>
    </p>
   </div>
  </div>
 </body>
</html>
