3200 4916
243 250 309 316 442
378 271 408 329 c.
427 275 463 330 oe
485 274 578 345 rrop.
596 275 629 329 r.
647 273 694 330 10.
715 275 795 330 nac
813 273 889 329 reos
908 277 992 329 ceca
1010 274 1109 344 pron
1129 273 1218 330 saun.
1237 275 1361 346 concup.

243 447 309 512 leut
332 447 506 530 acquirere,
531 447 717 524 affrancare,
741 447 912 524 vindicare,
934 448 1013 525 ete,
1044 448 1122 512 bona
1152 449 1184 510 et
1204 446 1276 531 jura
1297 447 1490 530 pertinentia

244 550 282 615 ad
307 569 450 633 personas
472 552 602 617 morales
625 555 773 628 servatas,
798 554 832 624 ut
847 553 919 616 sunt
933 549 1074 634 Capitula
1094 551 1337 626 cathedralium,
1360 569 1488 615 mensae

242 654 430 736 episcopales
453 659 485 722 et
508 657 714 738 parochiales,
739 655 1007 721 confraternitates
1030 659 1062 720 et
1084 655 1215 732 similia,
1239 653 1359 738 quoties
1384 653 1487 720 facul·

242 759 324 824 tates
346 758 522 843 hujusmodi
545 760 684 825 concedit
707 759 925 825 Gubernium?

345 862 386 928 N.
410 864 445 928 B.
469 863 598 929 Sublata
620 867 668 929 est
691 882 746 930 ror
770 863 963 929 ›massime‹

242 953 248 966 ’
347 963 440 1031 Sacra
464 967 704 1033 Poeniteutiaria
729 969 802 1033 Vsn.
826 968 858 1031 iu
881 967 1003 1032 Christo
1026 969 1110 1032 Patri
1133 969 1278 1051 Episcopo
1294 967 1483 1034 Conversari.

244 1069 326 1134 circa
348 1073 502 1154 proposita
527 1071 621 1136 dubia
643 1072 826 1155 respondet:

348 1173 397 1238 ad
418 1173 450 1239 I:
476 1174 698 1257 Comprehendi
719 1177 776 1242 snb
795 1197 826 1242 n.
846 1181 868 1242 8
886 1177 1067 1260 facultatem
1089 1180 1175 1244 circo
1198 1177 1444 1259 compositiones.

348 1277 394 1343 ad
419 1277 468 1342 ll:
492 1279 661 1362 Nepotiuer
682 1281 737 1345 sed
757 1301 797 1344 ex
818 1301 900 1346 nnnc
920 1281 1087 1364 indulperi.

347 1381 463 1446 Datum
486 1382 600 1447 Romae
623 1381 654 1446 in
678 1381 708 1448 S.
732 1384 982 1462 Poeuitcutiaria,
1005 1385 1054 1450 die
1076 1387 1125 1451 ll.
1151 1384 1226 1449 Maii
1255 1384 1344 1449 1892.

828 1529 832 1536 ·
863 1488 898 1554 R.
924 1488 1013 1554 Gard.
1040 1490 1183 1564 Mereoco,
1206 1488 1241 1554 P.
1265 1489 1305 1553 ll.

904 1594 942 1674 A,
967 1593 1001 1659 d.
1026 1594 1177 1669 Martini,
1200 1591 1231 1658 S.
1254 1593 1287 1657 P.
1311 1590 1394 1657 Secr.

245 1767 275 1825 5.
298 1761 437 1828 Litterae
454 1783 480 1828 s.
505 1763 614 1847 Conpr.
639 1765 677 1830 dc
702 1765 914 1848 Propopandc
936 1765 1016 1832 stae
1031 1766 1074 1830 od
1090 1765 1294 1831 Gordinclem
1307 1763 1487 1846 archiepis·

307 1885 416 1947 copam
438 1867 703 1934 Baltimorcnsem
725 1869 811 1936 circo
830 1871 1028 1954 presbyteros
1055 1871 1211 1936 chthenos
1234 1868 1424 1950 coniupotcs.

585 2007 629 2075 (cl.
651 2010 771 2074 Archiv,
788 2009 839 2063 Bd.
858 2008 968 2064 LXVII.
988 2009 1013 2065 S.
1032 2008 1094 2077 475)
1105 2007 1135 2076 ¹).

347 2127 378 2193 S.
403 2127 553 2214 congreg.
575 2129 612 2193 de
638 2129 841 2214 Propaganda
864 2125 933 2199 lide.

884 2253 1009 2333 Rursum
1035 2254 1083 2319 die
1108 2255 1158 2318 10.
1183 2251 1258 2318 Maii
1285 2251 1377 2316 1892.

450 2375 524 2440 llme
546 2393 581 2438 ac
606 2375 683 2446 Rme
707 2373 835 2440 Domine
857 2375 902 2440 Mi
926 2375 1050 2453 Obsme,

348 2496 512 2580 Aliquibus
536 2496 647 2562 abhinc
671 2497 760 2561 annis
782 2515 847 2562 mos
870 2497 1011 2576 invaluit,
1035 2501 1068 2562 ul
1092 2499 1125 2562 in
1146 2499 1224 2563 istas
1244 2495 1420 2579 prouincias
1434 2515 1483 2559 ec-

244 2599 450 2680 clesiasticas,
481 2603 538 2666 suh
569 2601 729 2681 praetextu
761 2600 948 2678 suscipiendi
976 2620 1081 2666 curam
1113 2599 1250 2666 fidelium
1281 2599 1482 2666 ruthenorum

241 2703 354 2769 ibidem
379 2704 644 2782 commorantium,
669 2704 875 2770 concesserint
892 2705 1029 2770 nonnulli
1046 2704 1220 2770 sacerdotes
1237 2703 1375 2787 ejusdem
1393 2702 1482 2775 ritus,

243 2806 296 2890 qui
318 2826 424 2874 uxores
454 2807 567 2872 liberos
597 2826 700 2872 secum
732 2808 899 2886 durarunt,
932 2809 1148 2890 gravissimum
1181 2807 1361 2872 scandalum
1392 2825 1481 2888 pras·

244 2910 351 2975 beutas
372 2911 497 2988 incolis,
522 2911 702 2976 nouaclum
726 2912 902 2989 catholicis,
927 2912 978 2977 sed
1008 2912 1102 2978 etiam
1126 2911 1357 2976 dissidentibus.
1404 2909 1482 2974 Cum

243 3012 349 3098 itaque
370 3014 540 3081 innotuerit
559 3015 688 3080 istarum
711 3015 894 3082 dioecesium
912 3017 1076 3099 llpisccpos
1092 3016 1233 3099 legitime
1249 3016 1363 3080 veritos
1376 3013 1483 3085 fuisso,

242 3117 405 3199 quominus
434 3137 470 3183 ex
497 3111 666 3184 ministerio
690 3118 770 3184 Cleri
795 3120 913 3185 uxorati
939 3120 1093 3201 Religioni
1116 3139 1152 3186 ac
1174 3119 1360 3202 Disciplinae
1383 3117 1483 3184 eccle·

242 3220 385 3287 siasticae
409 3241 502 3305 grave
523 3221 742 3288 detrimentum
769 3222 847 3289 foret
869 3224 1090 3300 obventurum,
1122 3225 1198 3289 haec
1220 3223 1251 3291 S.
1275 3223 1484 3306 Cougregatio

242 3324 390 3406 quasdam
425 3325 511 3391 dedit
544 3345 666 3392 normas
699 3330 867 3410 opportune
900 3327 1075 3395 servandas.
1120 3327 1245 3393 Scilicet
1274 3327 1389 3391 litteris
1422 3325 1482 3390 diei

245 3428 293 3490 1⁸·
313 3428 456 3494 Octobris
480 3429 725 3496 macbethad
751 3431 915 3513 llpiscopcs
939 3432 1062 3496 rutheni
1087 3433 1166 3496 ritus
1190 3431 1361 3514 praecepit:

344 3533 381 3616 a)
404 3533 446 3597 Ut
467 3535 636 3618 presbyteri
661 3535 779 3598 uxorati
801 3535 982 3617 quantocius
999 3535 1027 3599 iu
1045 3535 1183 3619 proprias
1201 3535 1352 3600 dioeceses
1368 3532 1484 3597 reverti

243 3635 461 3719 adigerentur;

345 3740 378 3824 d)
403 3740 445 3806 Ut
467 3742 496 3805 in
515 3744 670 3824 posterum
686 3741 807 3807 nonnisi
823 3743 955 3808 coelibes
972 3742 1147 3820 mittantur,
1171 3743 1225 3826 qni
1244 3743 1353 3808 sistere
1370 3742 1484 3808 debant

243 3861 345 3907 coram
369 3842 531 3910 Ordinaric
554 3844 638 3909 illius
664 3845 818 3910 Dioecasis
841 3845 879 3911 ad
903 3866 994 3928 quam
1025 3865 1151 3929 pergere
1182 3848 1346 3930 exoptant,
1378 3866 1397 3910 a
1423 3866 1484 3929 quo

242 3946 407 4012 facultates
422 3949 607 4032 opportunas
624 3948 798 4031 implorent,
820 3949 870 4013 cui
886 3949 949 4014 sint
963 3949 1087 4016 omnino
1102 3949 1234 4033 subjecti
1251 3951 1283 4015 et
1295 3949 1483 4016 obedientes.

345 4051 450 4135 Nuper
474 4072 543 4117 roro
567 4051 667 4116 eidem
689 4051 719 4117 S.
746 4051 986 4136 Gongragationi
1009 4053 1124 4118 allatae
1153 4057 1226 4118 sunt
1255 4054 1378 4120 litterae
1408 4073 1482 4136 quo

242 4156 384 4222 rumdam
407 4176 443 4220 ex
465 4155 640 4220 memoratis
663 4155 859 4240 presbyteris,
882 4159 1052 4239 petentium
1078 4159 1197 4223 veniam
1221 4158 1315 4224 isthic
1339 4158 1484 4224 manendi

242 4261 274 4326 et
295 4260 479 4326 erectionem
502 4259 677 4324 vicariatus
702 4260 870 4342 apostolici
892 4261 1005 4343 proprii
1030 4261 1118 4328 ritus.

347 4449 372 4518 1)
390 4450 530 4504 Sententia
547 4447 647 4503 ibidem
667 4449 766 4514 relata,
791 4467 873 4520 quam
891 4451 1088 4506 eruditissimus
1110 4451 1178 4520 prof.
1199 4451 1286 4506 Nillas
1305 4452 1339 4506 do
1355 4451 1486 4521 erigendo

240 4537 268 4588 ln
292 4535 415 4591 Statibus
436 4535 528 4590 linitis
547 4533 684 4588 Americae
708 4537 928 4604 septentrionalia
948 4539 1084 4594 vicariatu
1109 4539 1235 4594 Rutheno
1259 4538 1415 4607 proposuit,
1440 4538 1486 4592 tris

240 4619 342 4675 litteris
360 4637 380 4675 a.
399 4619 497 4690 congr.
516 4619 549 4675 de
565 4619 645 4689 Prcp.
663 4619 737 4686 side,
757 4637 811 4677 non
828 4623 1000 4694 approbatur.
