3220 4906
813 793 930 874 XXXX.

252 951 374 1032 tennis
401 949 462 1030 ΡΡ.
484 949 560 1029 Xlll.
586 951 735 1052 epistola
762 951 807 1030 ad
833 952 1020 1090 episeopus
1048 952 1247 1051 pmrlnciae
1274 949 1499 1029 deo-Ebora·
1588 1055 1589 1068 ἦ

812 1091 930 1153 cenare

142 1199 147 1210 '
250 1195 289 1261 dc
303 1187 530 1270 'transactione
553 1215 647 1276 quam
669 1193 924 1276 archiepiscopus
946 1192 978 1262 S.
997 1193 1095 1259 Pauli
1114 1211 1183 1257 cam
1199 1193 1386 1276 mapistrata
1406 1193 1500 1259 civili

541 1299 617 1378 fecit
638 1298 725 1364 circa
746 1298 829 1364 daos
850 1296 972 1363 scholas
989 1295 1195 1379 paroeciales.

354 1471 549 1537 venerabiles
583 1471 723 1548 neutros,
759 1470 894 1536 saluum
928 1473 961 1535 et
994 1470 1204 1554 Apostolioam
1237 1469 1496 1536 benedictionem.

251 1574 337 1655 Quae
360 1575 546 1641 coniunctim
570 1595 589 1640 a
610 1574 695 1640 vobis
720 1575 926 1658 praescriptae
950 1576 1023 1640 sunt
1051 1574 1176 1639 litterae
1206 1593 1241 1638 er
1271 1573 1346 1638 aede
1377 1574 1495 1638 Arabi·

251 1678 415 1761 episcopali
438 1679 724 1757 Neo-liberamus,
753 1698 813 1762 qno
840 1679 978 1744 coiristis
998 1677 1219 1744 consecracioni
1245 1676 1498 1761 Bmelrlyniensis

251 1783 394 1866 Episcopi
416 1783 570 1861 adfuturi,
601 1782 716 1866 duplici
748 1783 813 1848 Noa
842 1783 1000 1865 veluptate
1016 1779 1204 1848 'admorunt
1252 1781 1384 1846 Patebat
1410 1781 1495 1845 enim
1588 1849 1589 1862 q

251 1905 286 1950 er
308 1885 346 1951 iis
370 1887 490 1951 animus
513 1889 615 1952 vester
637 1905 706 1950 eum
732 1887 769 1951 de
794 1887 939 1970 religiosa
961 1904 1123 1969 puerorum
1153 1885 1349 1951 institutione
1372 1884 1493 1950 sollici·
1588 1929 1589 1968 q

252 1992 320 2069 tus,
351 1992 420 2055 tum
448 1990 623 2056 effundendi
646 1990 776 2073 cupidus
797 1990 1007 2056 dubitationes
1026 1991 1059 2054 et
1081 1989 1253 2056 anxietates
1276 2007 1348 2056 suas
1368 1989 1399 2053 in
1423 2008 1497 2072 gre-
1588 1973 1589 2054 ἶ

254 2113 349 2159 unum
374 2094 538 2172 Nostrum,
568 2114 688 2178 semper
720 2095 758 2160 ad
788 2114 840 2161 eas
871 2095 1002 2178 benigne
1033 2093 1225 2177 excipiendas
1247 2096 1400 2176 paratum.
1445 2094 1496 2158 Ne
1588 2111 1589 2196 ᾗ

254 2198 325 2282 quid
355 2199 461 2281 itaque
491 2199 602 2265 vestris
633 2199 773 2264 haereret
800 2198 956 2264 mentibus
982 2198 1062 2281 quod
1086 2198 1191 2263 anxias
1212 2198 1283 2264 illas
1306 2200 1337 2263 et
1360 2198 1497 2262 incertas
1588 2199 1589 2232 ³

251 2303 403 2380 efficeret,
435 2302 518 2367 datis
549 2303 681 2368 vicissim
705 2303 819 2370 litteris
841 2321 893 2368 vos
915 2302 1001 2368 adire
1022 2302 1234 2368 decrevimus:
1265 2301 1355 2368 hasce
1386 2303 1495 2366 autem

252 2425 312 2472 non
336 2406 425 2471 modo
448 2406 573 2471 nuntias
596 2425 660 2471 esse
684 2407 823 2472 volumus
846 2409 994 2491 paternae
1016 2425 1092 2490 erga
1115 2423 1166 2470 ves
1187 2406 1329 2470 caritatis
1349 2406 1495 2484 Nostrae,

251 2510 304 2576 sed
329 2511 424 2575 etiam
445 2511 540 2576 testes
560 2510 779 2575 sollicitudinis
794 2530 887 2594 qnam
904 2511 1040 2594 gerimus
1056 2510 1094 2575 de
1110 2509 1252 2576 fidelibus
1268 2510 1497 2591 amplissimam
1588 2495 1589 2502 ἵ

251 2613 454 2679 incolentibus
476 2613 632 2696 regionem
656 2614 881 2679 foederatarum
913 2614 1077 2679 civitatum
1112 2614 1273 2679 Amencae
1302 2613 1497 2697 Septentrio-

252 2717 341 2796 nalis,
366 2736 443 2801 qnae
464 2719 588 2800 propter
610 2717 808 2796 incrementa,
832 2718 943 2801 quibus
967 2736 998 2782 se
1024 2719 1095 2782 istic
1117 2718 1249 2800 explieat
1273 2717 1427 2782 catholica
1444 2737 1497 2782 re-

250 2821 342 2904 ligio,
365 2822 398 2886 et
420 2839 561 2904 praesens
585 2821 681 2886 Nebis
704 2822 851 2904 gandium
876 2822 981 2900 alfort,
1010 2824 1041 2886 et
1072 2840 1173 2887 rerum
1199 2821 1360 2887 laetiorum
1384 2821 1415 2885 in
1438 2838 1495 2904 po-

254 2927 369 2990 sterum
394 2925 645 3008 expectationem.

355 3029 452 3094 Plane
474 3029 550 3094 baec
572 3028 748 3095 sollicitudo
770 3029 835 3096 Nos
856 3049 947 3096 curae
969 3031 1108 3112 expertes
1139 3048 1205 3095 esse
1233 3047 1292 3095 non
1317 3029 1391 3093 sirit
1413 3029 1497 3094 inter

251 3133 471 3199 controversias
501 3136 532 3198 et
563 3133 787 3216 disputationes
819 3153 914 3217 nuper
945 3135 1017 3199 istic
1047 3136 1131 3199 ortas
1159 3137 1191 3198 et
1222 3133 1334 3198 animis
1364 3132 1496 3198 incales-

251 3237 391 3304 centibus
415 3243 501 3303 actas
526 3245 648 3321 propter
676 3238 907 3304 conventionem
935 3238 1044 3302 initam
1067 3240 1149 3303 inter
1173 3238 1248 3303 Van.
1277 3237 1407 3301 fratrem
1430 3237 1491 3301 Ar-

251 3341 478 3424 chiepisoopum
502 3340 532 3409 S.
558 3342 648 3406 Pauli
671 3345 703 3406 et
726 3343 831 3406 civiles
855 3341 1062 3426 Magistratus
1095 3342 1178 3407 eirca
1210 3343 1287 3406 duas
1315 3341 1495 3423 epluribus

250 3443 363 3508 sobolis
385 3445 608 3529 paroecialibus
627 3465 705 3529 quas
727 3446 780 3510 ille
800 3445 980 3510 condiderat
1005 3446 1103 3512 multo
1119 3465 1190 3512 cnm
1207 3446 1310 3511 studio
1327 3445 1356 3509 in
1373 3445 1493 3510 credita

250 3547 310 3613 sibi
332 3547 472 3614 dioecesi.
518 3549 554 3614 In
578 3549 668 3615 buius
692 3550 822 3614 miserae
844 3550 1079 3616 concertationis
1113 3552 1201 3615 aestu
1227 3549 1340 3614 mirum
1364 3549 1496 3613 nonest

251 3653 276 3719 si
299 3652 380 3718 falsa
409 3672 637 3737 nonnumquam
669 3653 889 3718 nunciarentur
917 3673 970 3737 pro
993 3654 1073 3720 veris
1097 3656 1229 3737 atquae
1252 3653 1418 3737 suspiciose
1442 3671 1493 3717 co·

250 3757 352 3840 gitata
373 3745 498 3822 inerant
515 3757 600 3839 vulgi
624 3775 746 3821 rumore
770 3758 1060 3840 percrebrescerent.
1085 3757 1170 3821 Haec
1186 3757 1328 3841 equidem
1346 3756 1491 3841 graviter,

252 3861 438 3944 molesteque
461 3859 607 3937 tulimus3
636 3860 696 3925 nisi
729 3861 811 3926 enim
839 3862 1022 3945 tempestive
1049 3881 1084 3926 eo
1113 3880 1187 3927 cura
1210 3863 1322 3927 Nostra
1348 3879 1494 3926 conversa

252 3964 373 4042 luisset,
396 3964 561 4029 verendum
580 3967 652 4056 *erat
675 3984 712 4030 ne
733 3965 942 4042 intercideret,
964 3965 1012 4030 nel
1036 3985 1148 4049 magua
1172 3985 1207 4030 ex
1229 3969 1318 4048 parte
1339 3965 1492 4042 deficeret,

252 4069 388 4152 perlecta
421 4069 595 4134 animorum
625 4071 782 4134 consensio
816 4069 1049 4153 studiorumque
1088 4069 1295 4135 communium
1331 4069 1365 4134 in
1399 4089 1493 4134 nuum

251 4170 452 4255 conspiratio,
480 4190 573 4255 quam
605 4173 710 4238 sedulo
745 4175 898 4238 retineant
928 4177 1048 4256 oportet
1077 4192 1234 4239 sacrorum
1265 4173 1432 4238 Antistites
1464 4175 1495 4236 et

252 4275 317 4341 Nos
339 4275 440 4341 tenere
463 4276 640 4354 adnitimur,
665 4278 773 4361 quavis
797 4278 915 4344 ratione
938 4282 970 4343 et
989 4297 1054 4361 epe.
1090 4278 1256 4360 Propterea
1280 4295 1430 4342 memores
1448 4277 1493 4342 ot·

249 4379 312 4445 licii
339 4380 446 4446 Nostri
469 4381 548 4464 quod
573 4381 726 4464 postulat,
760 4383 794 4447 ut
822 4382 855 4445 in
886 4381 1122 4464 diseepitatione
1151 4400 1331 4460 causarum,
1364 4399 1494 4464 quarum

252 4485 334 4550 notio
357 4488 389 4550 et
411 4484 539 4549 indicati
563 4485 601 4548 ad
625 4486 774 4550 Nostrum
797 4485 955 4568 pertinent
984 4485 1210 4563 ministerium,
1243 4488 1356 4550 cuncta
1389 4485 1493 4550 sedate

251 4587 457 4670 expendamus
479 4590 511 4653 et
532 4587 637 4670 procul
657 4587 739 4653 omni
761 4589 896 4689 partium
920 4589 1031 4667 studio,
1054 4589 1191 4655 animum
1213 4591 1256 4654 ita
1280 4592 1491 4672 comparatum
