3220 4906
206 153 271 219 304
357 167 417 224 irco
435 167 520 224 Xilt
538 169 568 224 d.
587 168 630 224 16.
648 169 731 226 toust
751 168 824 222 1892
841 169 878 223 dc
899 167 1119 238 christophoro
1140 169 1297 226 Columbo.

208 344 395 429 gloriosum,
426 343 519 424 atque
542 339 683 406 infinitae
705 341 899 406 multitudini
923 343 1060 408 salutare
1084 341 1287 424 perspiciebat
1310 340 1385 406 iore.
1413 376 1459 388 -

207 447 295 528 Quod
317 445 440 530 quidem
464 445 580 509 iactum
603 444 668 526 ipsa
691 447 840 529 temporis
862 445 1009 512 adiuncta
1029 445 1159 516 mirifice
1180 444 1350 512 illustrant.
1399 443 1456 509 Si·

206 551 330 636 quidem
352 549 526 616 American
556 546 724 613 Columbae
748 549 886 632 aperuit,
915 568 975 634 quo
1005 551 1142 632 tempore
1172 568 1266 632 prope
1295 553 1377 626 erat,
1418 551 1460 612 ut
1576 576 1577 581 1

207 674 320 740 magna
341 655 374 720 in
398 652 565 719 Ecclesiam
589 652 723 736 procella
745 652 947 722 incumberet.
993 654 1150 736 Quantum
1171 653 1270 735 igitur
1292 672 1326 717 ex
1342 672 1457 716 rerum

207 760 325 824 eventis
344 757 467 823 divinae
489 755 699 840 providentiae
722 755 788 821 rias
815 757 990 824 existimare
1021 757 1138 822 homini
1169 753 1258 835 licet,
1290 775 1358 820 vere
1380 755 1456 820 sin·
1574 808 1575 829 q

206 863 307 948 gulari
343 861 399 926 Dei
431 859 556 927 consilio
596 863 686 926 uatus
724 860 846 926 ridetur
883 860 936 926 ille
975 861 1117 945 Liguriae
1154 864 1369 926 ornamentum
1409 859 1455 924 ad

207 986 259 1044 aa,
290 984 369 1050 quae
397 963 552 1030 catholico
582 963 697 1028 nomini
723 964 762 1028 eb
786 964 908 1048 Europa
929 965 1143 1048 impenderent
1165 964 1350 1030 detrimenta
1379 981 1456 1029 sar·

206 1069 325 1138 cienda.
482 1063 495 1076 '

311 1173 427 1239 Vocare
446 1170 592 1237 Indorum
616 1189 691 1254 gens
715 1171 753 1236 ad
777 1171 924 1238 institute
946 1173 1119 1238 chnstiana
1140 1175 1209 1238 erat
1230 1172 1364 1254 prolecto
1386 1171 1453 1236 lic·

207 1277 318 1346 clasiae
340 1295 451 1342 munus
474 1276 566 1359 atque
590 1293 674 1358 opus.
718 1275 804 1356 Quod
834 1276 887 1341 illa
918 1295 1029 1342 munus
1053 1277 1160 1343 statim
1185 1297 1203 1340 a
1226 1275 1375 1360 principio
1397 1276 1456 1338 in-

206 1381 361 1461 cohatum,
385 1380 526 1445 insistere
550 1381 695 1462 perpetuo
719 1379 861 1446 caritatis
885 1383 990 1447 tenum
1013 1381 1155 1466 perrexit,
1176 1381 1312 1463 itemque
1333 1380 1453 1466 pergit,

206 1485 245 1550 ad
276 1486 419 1551 ultimam
457 1483 658 1566 Patagouiam
692 1483 856 1549 novissimo
886 1487 1023 1568 tempore
1057 1503 1227 1570 progressa.
1278 1483 1453 1550 Columbae

205 1591 310 1655 umen
333 1591 436 1653 certas
459 1605 654 1671 praecurrere
677 1605 714 1652 ac
738 1589 857 1652 munire
880 1588 946 1654 rias
970 1588 1155 1672 Evangelio,
1182 1589 1366 1670 penitusque
1389 1587 1454 1652 bac

205 1693 237 1758 in
260 1691 447 1777 cogitatione
470 1691 597 1768 defixus,
620 1709 741 1755 ornnem
765 1711 890 1774 operam
910 1711 999 1758 suam
1023 1693 1062 1758 ad
1086 1692 1118 1757 id
1141 1692 1259 1770 retulit,
1285 1691 1363 1757 nibil
1383 1691 1451 1756 iere

206 1815 372 1881 aggressus
394 1794 455 1861 nisi
478 1794 625 1878 religione
649 1793 742 1872 duce,
775 1795 891 1878 pietate
914 1796 1036 1864 comite.
1086 1797 1145 1862 Res
1171 1813 1452 1860 commemoramus

207 1903 301 1985 vulgo
323 1902 511 1984 compertas,
539 1898 593 1964 sed
627 1897 665 1964 ad
698 1901 830 1965 mentem
855 1901 1055 1984 animumque
1078 1900 1136 1965 riri
1154 1898 1373 1966 declarandum
1398 1899 1450 1962 in·

206 2005 320 2089 signes.
349 2003 476 2070 Scilicet
497 2005 622 2069 coactus
645 2022 664 2068 a
685 2003 852 2082 Lusitanis,
872 2003 1130 2082 acaunensibus,
1155 2005 1329 2079 iniectare,
1350 2003 1450 2082 abne,

205 2127 274 2175 cunr
297 2109 330 2173 in
354 2107 535 2190 Hispaniam
559 2125 592 2172 se
616 2107 805 2182 contulisset,
830 2108 912 2172 intra
933 2109 1068 2191 parietes
1091 2108 1253 2187 religiosae
1273 2107 1382 2173 domus
1404 2107 1448 2170 ad

206 2212 419 2278 maturitatem
440 2211 498 2276 alit
521 2210 655 2276 meditae
678 2211 911 2293 conquisitionis
934 2211 1050 2295 grande
1074 2212 1247 2290 consilium,
1271 2211 1391 2277 conscio
1407 2229 1450 2274 ac

205 2335 327 2382 suasore
353 2314 496 2399 religioso
526 2315 605 2392 viro,
638 2314 793 2380 Franrcisci
827 2314 1009 2380 basielensis
1039 2315 1172 2382 alumno.
1219 2315 1254 2380 In
1278 2314 1447 2381 Oceanum.

204 2419 391 2486 circumacto
406 2418 574 2502 septennio,
598 2418 728 2500 denique
743 2437 933 2502 egressurus,
954 2437 1033 2504 quae
1049 2419 1087 2484 ad
1103 2419 1288 2503 expiandum
1305 2419 1446 2484 animum

203 2523 369 2607 pertinent,
392 2522 479 2586 curet
503 2522 533 2585 in
559 2521 715 2604 procintu:
739 2522 817 2586 caeli
834 2523 984 2607 Reginam
1004 2525 1156 2607 precatur,
1180 2526 1215 2587 ut
1230 2523 1347 2606 coeptis
1362 2522 1447 2587 adsit

168 2619 170 2624 ’
204 2644 389 2709 cursumque
412 2624 546 2710 dirigat:
581 2643 635 2690 neo
664 2625 750 2708 prius
780 2627 967 2705 salesbiri,
1001 2645 1094 2709 quam
1126 2627 1290 2710 implorato
1321 2626 1447 2691 numine

205 2729 369 2796 Trinitatis
398 2731 566 2812 augustae,
600 2729 739 2812 imperet.
792 2729 861 2795 ldox
888 2731 920 2795 in
951 2729 1049 2796 altum
1078 2733 1258 2814 provectus,
1288 2730 1444 2794 saeviente

204 2835 299 2912 mari,
333 2833 518 2898 vociferante
547 2835 679 2916 remige,
713 2834 913 2916 tranquillam
950 2833 1063 2900 mentis
1095 2834 1301 2900 comtantiam
1329 2835 1441 2910 tuetur,

203 2938 301 3002 fretus
325 2938 398 3003 Deo.
430 2937 622 3020 Propositum
646 2937 779 3002 bominis
802 2938 869 3021 ipsa
890 2938 1059 3022 loquuntur
1074 2939 1218 3022 imposita
1233 2936 1344 3004 insulis
1361 2936 1444 3002 novis

206 3060 281 3106 nove
303 3042 444 3119 nomina;
467 3059 545 3124 quas
567 3041 690 3124 quidem
713 3042 765 3106 ubi
786 3043 925 3127 singulas
943 3043 1061 3127 attigit,
1087 3043 1185 3108 Deum
1200 3043 1441 3126 omnipotentem

203 3146 330 3228 supplex
351 3146 470 3222 adorat,
495 3164 592 3229 neque
614 3146 832 3228 possessionem
857 3147 1053 3225 emuniuit,
1076 3147 1133 3212 nisi
1156 3148 1193 3212 tn
1214 3147 1340 3212 mmbre
1362 3145 1443 3214 Jecu

204 3250 333 3316 Obristi.
365 3251 614 3333 Quibuscumque
638 3251 784 3333 appulsus
804 3251 875 3328 oris,
901 3269 958 3315 non
982 3251 1077 3316 habet
1091 3250 1260 3334 quidquam
1277 3249 1444 3333 antiquius,

203 3372 296 3436 quam
314 3355 349 3417 ut
365 3352 472 3416 Crucis
487 3356 699 3419 sacrosanctae
714 3355 914 3419 simulacrum
934 3354 1053 3436 deligat
1070 3353 1100 3418 in
1117 3354 1225 3420 litore:
1246 3353 1443 3437 lineumque

206 3456 418 3540 Redemptoris
445 3475 572 3532 nornen,
605 3462 681 3542 quot
711 3458 802 3522 toties
829 3460 934 3540 aperto
966 3458 1031 3523 sale
1063 3460 1217 3524 cecinerat
1244 3457 1283 3522 ad
1310 3458 1444 3522 sonitum

204 3561 462 3626 murmurantium
486 3561 646 3636 fluctuum,
671 3561 702 3624 in
728 3579 820 3626 novas
840 3562 956 3626 insulas
979 3563 1097 3646 primus
1119 3562 1230 3627 insert:
1254 3580 1383 3644 eamque
1406 3562 1444 3625 ob

202 3683 342 3730 caussam
365 3665 404 3730 ad
428 3665 642 3748 Hispaniolam
665 3663 847 3728 aedificandi
871 3666 995 3731 initium
1020 3687 1039 3730 a
1060 3666 1218 3732 molitione
1236 3665 1342 3747 templi
1361 3664 1443 3740 tecit,

203 3769 423 3852 popularesque
443 3769 639 3834 celebritates
661 3788 680 3833 a
703 3768 908 3834 sanctissimis
929 3770 1130 3836 caeremoniis
1153 3770 1321 3836 exorditur.

307 3873 352 3936 lin
370 3872 478 3956 igitur,
499 3874 736 3956 prospectarit,
759 3873 834 3956 quid
850 3875 916 3957 egit
931 3873 1099 3940 Columbae
1117 3875 1146 3938 in
1163 3874 1339 3957 regionibus
1356 3875 1444 3937 tanto

202 3975 297 4040 maris
319 3977 479 4060 terraeque
502 3979 604 4042 tractu
627 3977 819 4061 indagandis,
844 3979 1008 4045 inaccessis
1030 3979 1069 4042 ed
1090 3997 1159 4043 eam
1182 3977 1263 4042 diem
1288 3981 1382 4059 atquo
1396 3977 1444 4041 in-

202 4079 310 4159 cultis,
338 4099 469 4163 quarum
495 4083 601 4146 tamen
633 4081 812 4146 hurnenitas
840 4083 871 4146 et
896 4100 1003 4147 nomen
1032 4085 1064 4146 et
1086 4100 1158 4166 opes
1180 4081 1273 4146 celeri
1296 4099 1388 4146 cursu
1413 4081 1443 4145 in

201 4187 321 4250 tantam
343 4184 596 4267 amplitudinem,
628 4187 777 4267 quantam
801 4185 958 4260 videmus,
982 4190 1091 4269 postea
1114 4204 1244 4251 crevere.
1287 4185 1355 4265 Qua
1378 4187 1444 4250 tota

200 4287 233 4353 in
256 4291 288 4354 te
311 4289 492 4374 magnitudo
516 4289 610 4368 iacti,
642 4292 674 4354 et
699 4290 744 4353 vis
776 4289 971 4371 varietasque
998 4288 1233 4369 beneficiorum,
1265 4307 1344 4372 quae
1374 4287 1445 4354 inde

201 4395 365 4460 consecute
386 4394 467 4470 sunt,
492 4395 583 4475 grata
604 4392 727 4475 quidem
752 4392 962 4458 recordatione
986 4396 1079 4474 atque
1102 4393 1185 4457 omni
1202 4392 1326 4457 bononis
1341 4393 1441 4476 signi·

201 4496 344 4564 litatione
366 4496 515 4563 celebrari
536 4497 688 4562 hominem
712 4496 837 4562 iubent:
866 4497 920 4562 sed
949 4497 1083 4581 primum
1113 4496 1249 4561 omnium
1278 4514 1445 4579 agnoscere
