3220 4906
679 671 813 751 Xffll.

124 813 232 892 blotan
262 811 347 891 bber
374 811 429 890 die
457 809 658 910 [rriobtonq
687 811 753 891 und
780 811 920 911 leitunq
947 811 1012 892 dee
1035 809 1261 910 lllqerneinen
1289 811 1368 894 ller-

177 935 253 1015 eina
280 934 343 1013 dor
371 932 594 1013 obriatlictren
623 930 784 1013 tanitico
811 953 873 1012 zur
901 931 989 1014 Ebre
1018 933 1081 1014 der
1109 933 1140 1011 b.
1167 931 1316 1014 Familia

314 1079 430 1142 (Kirohl.
447 1077 600 1134 Amteblatt
618 1079 662 1132 fbr
680 1077 725 1132 die
743 1077 855 1134 Dibeeae
872 1079 951 1134 Trier
970 1079 1036 1134 1892
1052 1077 1101 1132 Nr.
1122 1078 1174 1144 ll).

520 1201 521 1208 ‘
559 1239 589 1300 1.
625 1233 688 1298 neo
712 1232 805 1316 Papa
830 1231 934 1299 xrrr.

480 1361 530 1428 dd
554 1363 733 1446 perpetuam
757 1363 801 1428 rei
825 1364 1013 1429 memoriam.

228 1483 391 1550 Neminem
416 1484 499 1568 lugit
520 1485 563 1549 rei
587 1483 728 1567 privatae
743 1487 774 1550 et
790 1483 932 1566 publicae
953 1483 1147 1551 laustitatem
1162 1502 1182 1549 a
1197 1484 1367 1552 domestica

129 1589 323 1672 potissimum
348 1588 544 1655 institutione
566 1587 706 1670 pendere.
745 1588 813 1670 Quo
834 1589 914 1652 enirn
939 1588 1062 1653 altiores
1086 1587 1168 1653 domi
1193 1589 1294 1671 egerit
1307 1605 1367 1652 ,ra-

126 1694 209 1758 dices
233 1691 341 1770 virtus,
363 1711 423 1776 qno
445 1693 589 1758 solertius
606 1695 768 1774 parentum
787 1711 859 1757 voce
875 1697 907 1756 et
922 1690 1058 1774 exemplo
1074 1692 1188 1756 tuerint
1204 1710 1367 1774 puerorum

125 1795 222 1861 animi
247 1793 287 1859 ad
311 1794 469 1878 religionis
491 1797 655 1879 praecepta
677 1795 854 1873 informati,
887 1813 921 1860 eo
953 1795 1108 1861 uberiores
1136 1795 1166 1860 in
1190 1815 1253 1860 rem
1279 1815 1365 1862 corn-

126 1918 250 1964 mnnem
284 1897 403 1964 tructos
436 1899 662 1964 redundabunt.
716 1897 908 1982 Quapropter
938 1917 1131 1982 summopere
1155 1901 1303 1976 interest,
1336 1902 1370 1964 ut

124 2002 297 2068 domestica
316 2002 447 2068 mcietes
470 2022 527 2068 non
551 2002 651 2068 solum
675 2004 780 2068 sancte
802 2003 846 2067 sit
867 2004 1048 2081 constituta,
1068 2003 1121 2067 sed
1140 2003 1256 2068 sanctis
1271 2003 1366 2067 etiam

125 2109 252 2190 regatur
273 2106 413 2189 legibus3
435 2106 467 2170 in
489 2124 586 2190 eaque
606 2106 764 2190 religionis
784 2107 912 2190 spiritus
933 2109 965 2171 et
982 2107 1171 2172 christianae
1190 2109 1272 2172 vitae
1287 2107 1368 2172 ratio

129 2209 296 2294 diligenter
317 2211 553 2293 constanterque
577 2210 723 2277 toveatur.
759 2210 840 2276 Hinc
864 2211 998 2294 prolecto
1020 2210 1169 2294 estquod
1195 2209 1368 2275 misericors

129 2314 212 2378 Dens
231 2332 303 2378 com
327 2313 479 2379 hnmanae
502 2313 704 2396 reparationis
728 2333 813 2397 opos,
836 2313 916 2398 quod
940 2313 993 2379 din
1011 2312 1135 2378 saecula
1155 2315 1367 2395 expectabant,

128 2417 274 2500 perticere
294 2417 494 2494 decrevisset,
518 2417 564 2482 ita
588 2417 725 2482 eiusdem
746 2418 846 2502 operis
870 2418 1019 2484 rationem
1040 2416 1238 2501 ordinemque
1263 2416 1366 2499 dispo·

126 2521 207 2598 suit,
230 2523 266 2585 ut
289 2521 388 2602 prima
410 2523 477 2604 ipsa
496 2520 633 2586 einsdern
658 2521 748 2587 initia
771 2523 936 2604 angustam
962 2521 1074 2587 rnundo
1095 2521 1273 2588 exhiberent
1300 2539 1369 2604 spe-

125 2625 202 2690 eiem
225 2623 376 2690 Familiae
398 2624 547 2690 divinitus
570 2625 768 2698 constitutae,
791 2625 823 2690 in
846 2645 908 2709 qua
922 2645 1027 2691 ornnes
1047 2626 1185 2690 bomiuee
1202 2625 1369 2692 absolutis·

121 2726 238 2792 dmum
268 2727 454 2794 domesticae
482 2728 663 2805 societatis,
686 2729 846 2812 omnisque
877 2729 1002 2796 virtutis
1037 2747 1072 2795 ao
1107 2730 1286 2795 sanctitatis
1321 2731 1367 2793 in·

124 2832 285 2896 tuerentur
306 2831 469 2915 exemplar.
514 2831 599 2898 Talis
621 2831 746 2914 quidem
771 2833 901 2897 l'amilia
923 2833 1028 2898 extitit
1052 2833 1270 2898 Nazaretbana
1302 2833 1365 2908 illa,

125 2934 157 3000 in
180 2953 260 3017 qna,
289 2938 456 3018 antequam
484 2935 629 3018 gentibus
659 2936 810 3002 universis
840 2936 929 3018 pleno
952 2936 1069 3002 lumine
1091 2935 1285 3010 emicuisset,
1316 2935 1368 3000 Sol

124 3038 265 3105 institiae
287 3041 355 3105 erat
376 3038 596 3104 absconditos:
625 3039 771 3104 nimirum
803 3038 948 3105 Christus
978 3040 1061 3104 Deus
1088 3038 1232 3105 Servabor
1254 3039 1368 3104 Noster

125 3161 193 3207 curn
219 3141 346 3226 Virgine
369 3141 470 3208 Matre
492 3143 524 3207 et
544 3141 662 3224 Josepb
687 3144 751 3207 viro
773 3143 985 3220 sanctissimo,
1009 3142 1063 3226 qui
1085 3160 1160 3227 erga
1182 3142 1291 3208 Jesnm
1315 3163 1369 3225 pa-

124 3249 210 3312 terno
232 3247 419 3330 fungebatur
442 3263 577 3311 munere.
613 3245 742 3312 Minime
765 3246 892 3312 dubium
915 3247 1068 3330 estquis
1090 3265 1126 3312 ex
1149 3247 1187 3311 iis
1211 3246 1365 3325 laudibus,

124 3368 202 3433 quaa
224 3351 256 3415 in
276 3349 423 3416 societate
446 3351 480 3415 et
498 3351 719 3417 consuetudine
743 3350 912 3415 domestica
942 3369 978 3414 ax
1008 3350 1125 3417 mutuis
1155 3350 1299 3418 caritatis
1320 3350 1366 3416 ot·

126 3453 219 3532 boiis,
248 3473 283 3518 ex
306 3453 474 3520 sanctitate
496 3473 633 3533 morum,
663 3473 699 3520 ex
729 3453 856 3538 pietatis
883 3454 1099 3520 exercitatione
1123 3454 1367 3538 proficiscuntur,

125 3557 258 3624 maxima
279 3575 417 3640 quaeque
437 3557 586 3624 enituerit
605 3559 636 3623 in
659 3577 747 3624 sacra
761 3558 816 3624 illa
832 3558 976 3636 Familia,
998 3575 1077 3640 qnae
1091 3557 1245 3642 siquidem
1261 3576 1368 3624 earnm

126 3662 230 3727 lutura
251 3664 319 3727 erat
346 3663 458 3728 ceteris
481 3661 673 3728 documento.
728 3665 775 3727 Ac
805 3667 965 3746 propterea
993 3661 1127 3746 benigno
1159 3662 1368 3745 providentiae

125 3765 251 3831 consilio
274 3765 318 3831 sic
339 3765 394 3830 illa
416 3765 568 3844 constitit,
590 3768 627 3832 ut
648 3765 766 3850 singoli
781 3765 943 3832 christiani
958 3765 1177 3850 qualicumque
1193 3765 1368 3831 conditione

126 3870 173 3934 val
196 3870 281 3947 loeo,
312 3870 338 3936 si
361 3869 400 3935 ad
424 3888 494 3935 eam
521 3869 659 3936 animum
681 3871 864 3949 advertant,
895 3869 986 3935 facile
1008 3870 1129 3954 possint
1150 3869 1369 3954 cuiuscumque

126 3973 251 4039 virtutis
271 3973 455 4038 exercendae
479 3973 592 4039 habere
614 3991 755 4039 causeam
777 3977 810 4038 et
831 3974 1084 4040 invitamentum.
1123 3973 1249 4040 Habent
1264 3993 1370 4041 revera

125 4076 365 4160 patresfamilias
395 4077 428 4142 in
457 4076 573 4161 Joseph
599 4077 778 4162 vigilantiae
809 4077 1081 4161 providentiaeque
1107 4079 1257 4162 paternae
1281 4097 1366 4162 prae·

126 4181 330 4247 clarissimam
355 4200 510 4246 normam:
532 4181 649 4247 babent
669 4183 784 4247 matres
806 4181 839 4246 in
863 4179 1059 4247 sanctissima
1085 4181 1211 4265 Virgine
1235 4182 1369 4266 Deipara

125 4285 255 4363 amoris,
283 4284 500 4364 verecundiae,
531 4285 744 4352 submissionis
778 4284 874 4352 animi
909 4285 1122 4370 perfectaeque
1148 4285 1219 4352 fidei
1247 4285 1369 4371 insigne

125 4393 301 4473 specimen:
322 4389 378 4456 filii
402 4409 473 4458 vero
495 4389 629 4456 familias
651 4390 683 4456 in
707 4390 794 4468 Jesn,
817 4389 869 4475 qui
893 4395 962 4456 arnt
983 4389 1127 4456 subditas
1147 4390 1225 4467 illis,
1249 4390 1369 4456 babent

124 4493 261 4558 divinurn
285 4495 478 4560 obedientiae
500 4495 653 4579 exemplar
684 4495 762 4578 qnod
792 4493 1001 4569 admirentur,
1037 4493 1157 4572 colant,
1196 4493 1368 4559 imitentur.

123 4597 183 4680 Qui
206 4596 322 4662 nobiles
346 4599 411 4662 nati
434 4602 516 4674 suut,
538 4599 658 4664 discent
681 4617 699 4661 a
725 4597 856 4662 l'arnilia
875 4599 953 4682 regii
970 4597 1141 4682 sanguinis,
1161 4597 1314 4679 quomodo
1339 4601 1371 4662 et
