3200 4916
238 275 303 342 4¹40
345 293 373 348 S.
393 293 485 349 Poen.
505 309 554 362 ap.
574 295 659 347 etr-ca
678 293 741 348 aba.
761 309 830 357 cor..
849 295 904 364 qut
924 293 1004 348 hona
1024 311 1043 346 a
1063 292 1189 362 puhern.
1208 293 1279 348 Ital.
1298 307 1340 347 er.
1363 294 1486 364 aequis.

239 468 272 532 et
294 465 553 549 praestationibus
575 465 695 531 statuta
714 469 780 542 est;
803 465 875 548 qnin
896 483 931 530 ex
955 484 989 529 eo
1013 467 1134 547 praeter
1156 467 1293 530 oratores
1313 483 1485 546 eorumque

239 569 366 635 heredes
393 571 424 632 et
445 587 634 634 successores
657 569 710 633 alii
734 568 923 643 redemptum
953 570 985 634 et
1011 569 1092 652 qnod
1122 568 1161 632 ad
1185 571 1329 651 patronos
1353 568 1483 642 attinet¹

238 673 363 738 dimisso
384 691 506 756 prorsus
526 672 596 757 jure
618 675 807 755 patronatus,
829 673 860 738 et
874 673 948 756 quin
964 672 1047 738 laesa
1063 675 1247 739 censeantur
1264 671 1335 755 jura
1350 671 1482 736 investi·

238 779 349 852 torum,
374 777 400 841 si
424 776 536 842 adsint

342 899 371 962 8.
390 935 428 945 --
446 897 561 965 Eidem
577 897 750 965 ordinario
771 899 947 965 conceditur
964 900 1057 964 etiam
1070 897 1209 979 facultas
1224 896 1411 980 indulpendi
1427 898 1481 973 iis,

230 1005 292 1086 'pm'
314 1023 410 1086 super
428 1003 520 1069 honis
537 1003 654 1070 'hahent
675 1004 824 1086 imposita
846 1004 948 1086 hepate
969 1005 1029 1084 pia
1049 1003 1097 1067 ool
1118 1003 1291 1067 missarum
1310 1022 1425 1078 msera,
1449 1009 1482 1065 ut

238 1129 275 1171 ea
296 1108 449 1173 redimere
466 1107 601 1185 valeant,
623 1107 699 1173 data
722 1127 843 1172 summo
859 1128 938 1190 quae
958 1106 1142 1188 computatis
1158 1105 1312 1187 fructibus
1326 1105 1371 1170 ad
1387 1106 1481 1186 puin-

238 1240 294 1301 que
312 1239 372 1300 pro
395 1225 530 1298 centum,
562 1220 683 1284 reditus
716 1221 901 1302 sufficientes
928 1219 1097 1301 quotannis
1112 1218 1264 1299 praebeat
1281 1238 1342 1299 pro
1362 1219 1483 1300 intepro

176 1315 180 1322 ’
238 1323 413 1388 eorumden
436 1343 566 1388 onerum
588 1323 843 1404 adimplemento,
875 1329 904 1388 et
931 1323 989 1388 suh
1018 1322 1077 1386 hac
1112 1321 1193 1403 hope,
1221 1327 1257 1385 ut
1281 1322 1312 1385 si
1328 1321 1483 1402 praefata

237 1447 361 1491 sumum
382 1426 521 1491 soluatur
542 1446 601 1506 per
618 1426 763 1506 putheas
794 1427 942 1502 schedas,
967 1425 1057 1509 ouhpo
1089 1423 1119 1488 di
1151 1424 1358 1502 consolidato,
1391 1426 1484 1505 ipsae

238 1531 368 1596 schedae
396 1551 458 1595 non
486 1535 696 1610 computentur
720 1531 816 1612 juata
845 1531 1035 1595 nominatam
1067 1533 1208 1612 rpsorum
1234 1529 1389 1604 valorem,
1425 1527 1484 1593 sed

232 1635 325 1715 juata
342 1633 491 1715 pretium,
515 1633 596 1714 quod
619 1633 670 1698 die
690 1633 854 1699 solutionis
876 1633 1010 1714 effectim
1032 1637 1066 1699 r'n
1089 1633 1268 1699 commercio
1287 1631 1432 1696 habeant.

341 1753 371 1818 9.
400 1790 442 1800 -
467 1752 630 1817 Praeterea
659 1753 767 1818 eadem
800 1773 887 1820 saera
918 1754 1161 1820 Paenitentiaria
1193 1751 1393 1835 praelaudato
1422 1751 1482 1818 Or-

238 1856 357 1922 dinatio
378 1855 560 1920 iconihatem
585 1857 727 1922 concedit
749 1857 813 1922 sive
833 1877 887 1941 per
909 1877 959 1938 se,
984 1859 1048 1923 sive
1072 1879 1124 1940 per
1148 1858 1242 1922 aliem
1264 1855 1407 1920 idoneam
1431 1875 1482 1920 ec·

238 1960 442 2026 clesiasticnm
458 1979 619 2043 personum
631 1961 669 2026 ab
686 1980 720 2026 eo
737 1961 775 2024 ad
792 1961 850 2026 hoc
865 1963 900 2027 in
916 1963 1052 2044 sinpuh's
1066 1963 1191 2028 eandm
1205 1959 1482 2042 subdelegaudam,

238 2065 371 2156 oratores
394 2065 425 2129 in
448 2064 626 2148 praemissis
648 2064 827 2147 culpabiles,
853 2068 1015 2149 postquam
1034 2069 1069 2130 nt
1085 2084 1178 2146 snpra
1193 2084 1226 2128 se
1241 2063 1482 2146 composuerint,

237 2189 256 2232 a
283 2169 417 2234 censuris
445 2170 477 2233 et
511 2169 615 2252 poenis
645 2169 881 2248 ecclesiasticis,
907 2169 940 2233 in
969 2188 1046 2253 quas
1069 2171 1227 2252 propterea
1250 2167 1481 2251 quomodolibet

236 2271 411 2352 inciderint,
436 2271 614 2356 Apostolica
638 2273 825 2338 anctoritate
849 2272 1029 2337 absolvendi
1051 2292 1120 2337 cum
1140 2291 1274 2356 cccmus
1290 2271 1481 2355 poenitentia

238 2376 380 2451 salutari,
404 2377 436 2440 et
458 2375 648 2458 reparatione
671 2376 821 2454 scandali,
846 2375 965 2441 meliori
989 2395 1048 2460 quo
1070 2377 1136 2443 heri
1160 2377 1273 2460 poterit
1295 2375 1388 2440 modo
1409 2395 1479 2458 pru-

238 2479 323 2544 denti
340 2479 456 2563 judicio
478 2479 673 2546 absolventis.

342 2601 391 2666 10.
415 2637 457 2650 -
476 2601 520 2668 In
538 2602 599 2668 hoo
616 2602 738 2668 indulto
760 2623 824 2668 non
844 2602 1113 2684 comprehenditur
1134 2601 1275 2682 facultas
1291 2601 1481 2668 concederrdr'

237 2706 465 2786 impositionem
486 2707 742 2790 hypothecarum,
776 2726 874 2790 neque
900 2707 1069 2772 reducendi
1100 2727 1248 2772 couonmn
1270 2705 1483 2790 emphyteusis

237 2816 470 2890 temporaneae,
501 2811 547 2876 neh
578 2813 677 2877 nimis
698 2831 861 2888 onerosae,
898 2812 983 2877 circa
1010 2833 1089 2894 puae
1114 2811 1341 2876 recurrendum
1369 2814 1417 2873 est
1448 2810 1482 2872 in

238 2911 374 2995 sinpuhis
394 2913 518 2981 ooschus
540 2915 584 2980 ad
605 2915 638 2980 S.
662 2913 782 2980 Sedem.

341 3024 422 3090 Item
451 3048 513 3093 non
550 3029 819 3110 comprehenditur
848 3029 986 3109 saeuus
1018 3028 1225 3111 dispensandi
1256 3027 1482 3093 ecchuasticos

238 3127 324 3194 ciros
345 3148 439 3211 super
461 3131 697 3213 irrepuhom'tate
715 3133 751 3197 in
771 3153 866 3215 quam
887 3133 1058 3200 incedutnt
1079 3133 1116 3198 oh
1137 3133 1272 3200 culeus
1294 3152 1457 3198 camaras.

343 3249 392 3313 11.
415 3286 458 3296 -
480 3251 543 3334 Qui
564 3252 600 3318 oh
620 3259 838 3336 paupertatem
860 3255 1109 3336 compositionem
1129 3255 1214 3320 r'm're
1232 3259 1398 3336 nequeunt.
1425 3253 1482 3316 ab·

237 3350 315 3418 solvi
330 3359 479 3433 poterunt
496 3355 536 3420 ab
559 3355 733 3423 Ordirramo
756 3378 826 3424 cum
848 3358 1033 3442 ohlipatione
1053 3365 1097 3436 ut,
1119 3360 1151 3422 sr'
1171 3358 1215 3424 ad
1231 3357 1389 3425 meliorem
1407 3377 1481 3423 con-

236 3455 385 3523 ditionem
407 3457 601 3541 decertarint,
633 3460 795 3528 Eaciesr'ae
825 3463 1044 3546 satisfaciant,
1074 3481 1111 3528 ac
1139 3463 1265 3529 interim
1294 3461 1481 3530 scandamus

236 3568 420 3627 rernooeant.

340 3673 419 3740 Item
438 3677 493 3758 oui
518 3677 624 3742 statim
650 3683 803 3760 nequeunt
832 3683 983 3744 statutam
1012 3679 1260 3761 compositionem
1288 3679 1422 3759 solome,
1450 3683 1481 3746 si

214 3776 613 3949 -mlipahmzrndalmmmt
634 3782 673 3846 de
694 3802 731 3848 ea
751 3788 923 3864 opportuno
946 3787 1079 3864 ternpore
1101 3783 1267 3861 soluenda,
1291 3788 1405 3850 remoto
1427 3786 1479 3852 in·

237 3881 328 3948 terior
350 3901 405 3949 sca
483 3903 510 3950 o.

342 4004 390 4069 12.
417 4039 454 4052 -
478 4003 630 4071 Pecuniae
652 4023 722 4071 vero
745 4025 882 4072 summas
905 4027 941 4073 ex
963 4009 1186 4091 compositione
1210 4011 1352 4093 acceptas
1383 4009 1480 4077 mam

236 4112 341 4173 tenues
362 4106 428 4190 ipse
451 4107 634 4174 Ordinarins
655 4128 748 4193 qnam
773 4111 907 4192 primum
930 4114 962 4178 et
984 4132 1078 4196 quam
1103 4112 1260 4179 tutissime
1288 4113 1400 4196 possit,
1432 4113 1480 4180 tu·

236 4228 306 4274 vore
330 4228 493 4277 causarum
516 4213 635 4296 piarum
655 4214 693 4278 ad
717 4233 792 4298 quas
815 4215 852 4279 de
872 4215 942 4299 jure
965 4217 1138 4301 pertinent,
1170 4219 1206 4284 r'n
1232 4219 1341 4285 titulos
1362 4218 1481 4286 liberas

236 4313 347 4398 (calori
370 4315 399 4380 11
422 4318 576 4398 portatore
601 4317 736 4397 [valenis
760 4337 800 4383 uu
823 4317 971 4408 portendt
994 4339 1071 4404 qnos
1089 4323 1154 4388 oiri
1175 4328 1377 4403 competentes
1398 4328 1482 4390 auos

234 4420 425 4500 aperuerint,
447 4419 593 4486 investire
614 4423 646 4485 et
668 4421 707 4485 ad
730 4424 839 4487 nutum
863 4421 894 4490 S.
912 4423 1001 4489 Sedis
1024 4443 1203 4490 conservare
1221 4427 1358 4509 satagat,
1381 4446 1482 4509 nepae

235 4519 349 4587 adimet
370 4524 440 4589 sine
461 4524 599 4607 ejmdem
619 4526 711 4591 nenia
732 4547 828 4608 neque
849 4534 1020 4606 commutet,
1041 4529 1107 4595 m'si
1121 4536 1231 4612 urpeat
1247 4529 1429 4610 morositas,
1453 4539 1483 4597 et

235 4629 353 4705 tropus
373 4646 438 4693 non
459 4633 601 4710 suppetat
622 4630 804 4694 recurrendi
830 4631 873 4696 ad
894 4632 926 4698 S.
949 4632 1068 4699 Sedens.
