3268 4894
213 317 324 390 Congu.
344 317 407 390 Irrq.
428 317 476 374 26.
496 319 570 390 Apr.
590 319 664 374 1887
683 321 719 374 de
738 322 803 374 iud.
824 319 901 374 cult.
921 321 1025 391 quoad
1044 322 1183 374 divortia
1202 319 1296 374 cirili.
1339 304 1400 367 179

159 492 254 556 etiarn
279 491 393 556 virtute
421 492 593 557 sententiae
616 509 652 556 ao
676 490 817 556 terminis
841 491 1006 574 expressis,
1040 491 1101 555 viru
1131 489 1297 556 militarem
1328 509 1400 556 eon·

158 595 263 659 stituit
290 595 347 660 soh
377 595 526 660 facultate
555 595 720 678 conJ'ugum
752 614 806 678 per
834 595 1001 659 divortium
1033 597 1259 677 separatorum,
1291 595 1336 659 ita
1366 597 1400 659 ut

157 699 266 781 eonium
282 701 333 782 qui
351 699 485 782 denegat
500 699 770 776 cohabitationem,
795 702 827 763 et
842 699 904 764 alia
922 699 1017 764 violat
1028 699 1100 781 jura
1117 717 1196 781 quae
1213 699 1398 763 naturaliter

158 823 193 866 ac
215 803 363 867 diuinitus
387 823 422 868 ex
446 805 643 867 matrimonio
669 803 770 867 valido
791 805 1045 887 consequuntur,
1066 802 1182 880 valeat,
1218 821 1271 885 pro
1297 803 1400 879 libitu,

159 906 314 972 mediante
343 906 509 983 tribunali,
542 907 628 970 illam
661 907 721 971 rim
752 908 917 972 militarem
949 925 1121 982 accersere,
1154 910 1187 970 et
1216 926 1269 990 per
1291 926 1400 971 earne

157 1011 314 1094 conjugali
340 1011 500 1088 *domicilio
533 1012 682 1094 expellere
712 1013 909 1093 compartem.
956 1011 1027 1075 Ideo
1051 1011 1096 1076 ris
1118 1011 1242 1094 publica
1264 1031 1318 1074 seu
1342 1011 1399 1075 mi·

158 1115 278 1190 litoris,
308 1134 386 1198 quae
416 1117 525 1198 suapte
557 1119 668 1179 natura
695 1116 897 1180 constituitur
919 1115 956 1179 ad
981 1115 1178 1196 iniquitatem
1203 1114 1399 1179 coercendam

157 1220 251 1302 atque
274 1218 508 1294 retundendam,
532 1221 577 1296 tit,
608 1239 660 1300 per
679 1218 793 1302 judicis
817 1219 1014 1292 sententiam,
1047 1218 1223 1302 iniquitatis
1245 1219 1346 1283 tutela
1368 1220 1400 1283 et

158 1324 432 1406 propugnaculum.

261 1426 379 1491 Deinde
401 1426 449 1491 lex
472 1426 572 1491 ciuilis
595 1427 709 1510 gallica
732 1431 870 1492 recenset
893 1429 973 1492 inter
996 1446 1104 1492 causae
1135 1445 1188 1490 seu
1214 1429 1329 1492 motiva
1352 1427 1399 1491 di·

158 1530 250 1594 vortii
273 1531 559 1595 condemnationem
577 1533 667 1594 nnius
683 1531 823 1614 conjugis
839 1531 877 1596 ad
894 1531 1030 1614 aliquam
1043 1549 1171 1614 poenam
1185 1531 1399 1609 iniamantero,

155 1633 323 1716 cujuslibet
343 1638 474 1716 generis,
498 1635 593 1698 etiam
620 1635 818 1712 reclusionis;
842 1655 935 1718 quam
958 1635 1081 1718 quidem
1098 1653 1225 1719 poenam
1242 1636 1290 1698 lex
1306 1654 1398 1699 cano·

157 1738 226 1802 nica
249 1738 388 1803 decernit
411 1758 470 1803 non
494 1757 561 1804 esse
585 1761 647 1820 per
667 1761 700 1804 sc
722 1741 872 1804 rationem
898 1738 1102 1804 sullioicntem
1126 1739 1329 1822 separationis
1353 1740 1399 1803 la-

156 1842 300 1918 ciendao,
330 1842 387 1906 nisi
410 1842 544 1925 stipatur
567 1843 810 1908 circumstantiis
831 1862 908 1926 quae
933 1843 1194 1908 cohabitationem
1219 1843 1400 1926 gravissime

156 1965 314 2010 onerosam
339 1947 430 2010 alteri
453 1946 576 2029 conjugi
601 1947 740 2013 reddant.
770 1947 866 2031 Atqui
887 1949 990 2012 tamen
1009 1947 1039 2010 in
1057 1947 1112 2011 hoc
1129 1966 1211 2024 eaeo,
1233 1947 1259 2012 si
1276 1949 1399 2030 potator

156 2049 340 2128 divortium,
377 2051 464 2114 nulla
496 2051 632 2134 suppetit
657 2051 754 2134 iudici
783 2053 834 2116 ria
863 2051 1003 2115 elabendi
1039 2055 1133 2133 atque
1166 2051 1398 2134 temperandis

156 2153 281 2218 lerenda
304 2154 428 2218 divortii
452 2155 617 2232 sententia,
641 2155 723 2239 quia,
748 2159 783 2219 ut
805 2155 951 2239 adigatur
974 2154 1011 2220 ad
1033 2154 1119 2219 illam
1141 2154 1308 2230 lesendam,
1332 2154 1397 2219 sul·

158 2257 224 2321 ficit
247 2259 326 2340 quod
351 2278 369 2322 a
391 2261 513 2341 petente
536 2259 703 2324 divortium
730 2259 916 2342 producator
938 2261 1166 2342 transumptum
1183 2258 1397 2324 authenticum

154 2361 419 2427 condemnationis
440 2362 601 2445 judicialis
625 2363 663 2427 ad
688 2381 815 2446 menam
840 2363 1052 2428 inlamantem.

259 2465 328 2531 Non
364 2470 435 2530 snnt
469 2467 633 2532 concordes
669 2467 886 2550 Episcoporurn
920 2467 1092 2533 sententiae
1124 2467 1205 2530 circa
1229 2466 1397 2550 genuinum

155 2589 279 2634 sensnm
306 2569 532 2652 praedictarum
556 2569 587 2636 S.
609 2570 710 2637 Olllcii
734 2571 996 2654 declarationum
1020 2571 1155 2654 theologi
1173 2573 1204 2634 et
1219 2571 1398 2635 canonistas

155 2676 296 2757 pugnant
319 2674 390 2739 hinc
413 2677 445 2738 et
467 2675 547 2752 inde,
574 2677 649 2740 adeo
669 2679 705 2740 ut
724 2675 811 2741 valde
826 2674 956 2740 arduum
973 2677 1015 2739 sit
1030 2694 1118 2740 nosse
1134 2675 1274 2758 regulam
1291 2677 1393 2739 tutam

157 2778 186 2841 io
212 2779 296 2861 praxi
320 2779 516 2861 sequendam.

257 2879 278 2946 J
282 2881 358 2946 ader
375 2881 446 2946 N..
462 2931 486 2958 .,
507 2884 613 2966 utpote
629 2886 754 2965 paratus
770 2883 808 2946 ad
828 2883 1022 2947 incommoda
1037 2882 1219 2947 sustinenda
1236 2903 1397 2967 nngoaque

154 2985 342 3050 detrimenta
365 2987 521 3068 capienda,
547 2987 646 3069 potius
670 3005 761 3070 quam
784 2987 860 3051 ierre
884 2987 1070 3051 sententiam
1087 2987 1223 3070 grauiter
1239 2987 1395 3064 illicitam,

154 3089 267 3153 statuit
295 3089 323 3153 id
349 3108 437 3153 omne
467 3090 547 3172 quod
579 3091 610 3154 in
643 3091 708 3172 ipso
730 3093 775 3155 eet
802 3093 959 3173 praestare
983 3093 1019 3155 ot
1042 3111 1060 3154 a
1083 3090 1231 3155 tribunali
1258 3109 1395 3174 proquo

153 3193 251 3270 sedet,
276 3211 386 3258 caueae
406 3193 528 3258 divortii
552 3197 725 3270 arceantur,
751 3213 769 3257 a
793 3195 866 3259 talis
889 3195 1091 3278 separationis
1116 3195 1267 3278 proposito
1291 3195 1393 3258 deter-

153 3317 220 3361 rere
250 3296 414 3382 conjuges,
450 3301 511 3362 irno
541 3301 675 3381 seipsum
709 3298 896 3375 subducere,
932 3303 1022 3382 prout
1054 3301 1184 3382 poterit,
1219 3298 1276 3363 sub
1301 3299 1393 3362 variis

153 3401 380 3483 praetextibus,
411 3401 533 3485 quando
561 3407 672 3486 agetur
695 3403 732 3466 de
752 3421 845 3466 causa
868 3402 993 3466 divortii
1016 3402 1048 3467 in
1074 3401 1271 3468 matrimonio
1293 3422 1396 3484 coram

155 3505 293 3569 Ecclesia
316 3503 425 3570 valido.
473 3507 589 3588 dique,
623 3510 657 3571 nt
686 3505 806 3570 lacilius
830 3507 868 3572 ab
892 3508 952 3570 isto
976 3525 1068 3570 onere
1092 3505 1308 3571 molestissimo
1331 3525 1397 3570 sese

153 3609 300 3673 eximeret
326 3609 454 3692 jamiam
486 3610 640 3674 recusavit
666 3613 826 3693 acceptare
850 3611 1036 3695 dignitatern
1060 3611 1092 3675 et
1114 3628 1225 3675 munus
1249 3609 1397 3693 praesidis

153 3713 319 3777 tribunalis
341 3713 449 3778 civilis.
493 3712 610 3797 Quippe
635 3733 756 3796 praeses
781 3715 839 3778 lert
861 3715 1048 3780 sententiam
1073 3733 1202 3800 eamque
1226 3714 1336 3779 scribit
1360 3733 1395 3778 ac

154 3817 348 3900 promulgat3
377 3817 457 3882 unde
482 3816 554 3883 licet
577 3816 696 3882 dederit
721 3820 825 3884 uotum
849 3819 1163 3894 contradicentium,
1197 3818 1397 3883 nihilominus

154 3921 274 4003 cogitur
297 3921 481 3987 seutentiam
504 3921 629 3986 diuortii
654 3921 741 4000 terre,
765 3923 791 3986 si
812 3941 866 4006 pro
891 3923 942 3988 illo
966 3923 1105 3988 iaciendo
1125 3923 1185 3990 duo
1208 3922 1261 3987 alii
1276 3923 1398 4004 judices

153 4024 206 4106 qui
230 4043 283 4107 pro
306 4024 455 4089 tribunali
478 4024 587 4090 sedent
609 4045 678 4090 com
702 4044 747 4102 oo,
769 4029 840 4091 vota
863 4046 916 4110 pro
939 4025 1072 4092 divortio
1093 4027 1243 4092 dederint.

257 4128 368 4192 Dubiis
402 4132 434 4195 et
463 4130 630 4214 angoribus
661 4149 801 4212 prossus,
829 4131 923 4213 judex
953 4129 1062 4198 N...
1094 4131 1205 4196 iterum
1229 4129 1308 4196 adiit
1331 4129 1397 4195 beri

154 4229 336 4315 Episcopum
362 4231 580 4317 N...eique
603 4233 741 4317 exposuit
768 4233 849 4319 qood
882 4234 930 4299 rix
961 4234 1105 4318 possibile
1135 4237 1183 4299 est
1213 4252 1245 4301 se
1277 4253 1397 4317 semper

152 4335 333 4401 subtrahere
356 4355 374 4402 a
394 4337 525 4403 sedendo
549 4357 602 4421 pro
626 4339 772 4403 tribunali
797 4339 827 4403 in
849 4339 950 4404 causis
966 4338 1174 4419 divortii,'vi1
1190 4358 1309 4423 quoque
1327 4358 1397 4421 pos·

152 4441 242 4505 sibile
265 4443 313 4505 cst
335 4461 454 4526 semper
478 4441 549 4506 darc
572 4445 677 4507 votnm
701 4445 809 4508 contra
831 4443 1007 4508 divortium.
1041 4443 1158 4508 Deinde
1181 4443 1262 4508 inira
1283 4461 1395 4524 paucos

152 4543 228 4623 dics,
252 4565 362 4611 rnunus
385 4566 421 4611 ac
444 4545 630 4630 dignitatem
655 4547 803 4630 praesidis
828 4547 899 4632 (non
923 4547 1047 4632 quidem
1064 4567 1098 4612 er
1115 4547 1218 4614 lavoro
1235 4545 1395 4624 Gurbernii,

151 4647 221 4729 sed,
254 4649 333 4736 quod
357 4650 491 4717 testator
512 4649 725 4736 infrascriptus
750 4651 932 4738 Episcopus,
964 4653 1002 4716 ob
1024 4652 1103 4736 juris
1124 4651 1284 4716 scientiam
1309 4653 1341 4712 ct
1364 4650 1395 4713 in

1228 4753 1293 4820 12*
