3220 4906
254 281 317 345 316
359 298 451 353 Leon.
472 297 555 352 XIII.
576 297 621 351 lr‘t.
640 299 721 353 trev.
740 299 766 352 d.
786 295 834 351 20.
854 297 929 352 Iam.
949 297 1079 352 rosade
1098 303 1169 352 stat.
1188 311 1307 352 consec.
1326 313 1349 352 s.
1365 297 1441 365 fam.

441 471 504 538 11⁰.
529 469 559 534 S.
583 469 698 553 Joseph
721 469 828 552 Sponsi
855 471 889 534 B.
915 470 957 537 ld.
984 470 1028 549 V.,
1053 469 1103 533 die
1124 469 1356 552 undevigesima
1378 469 1497 534 mensis

600 593 633 637 ar
676 626 683 641 .

439 679 502 743 12⁰.
530 573 696 742 Paltiroctildii
720 678 856 742 eiusdem
883 677 1042 742 [lominica
1065 679 1159 741 tertia
1182 679 1250 759 post
1274 676 1403 742 Pascha.

436 781 502 846 130.
527 781 777 864 Desponsationis
801 781 837 846 Β.
861 781 905 845 Μ.
929 782 983 859 V„
1015 781 1065 845 die
1089 781 1356 864 vigesimatertia
1379 779 1494 844 mensis

562 884 714 950 Ianuarii.

357 1007 411 1071 IV.
444 1005 501 1070 Die
526 1005 604 1070 festo
627 1005 748 1071 titulari
773 1006 932 1070 universae
956 1003 1206 1070 consociationis.

355 1129 392 1194 V.
428 1129 485 1193 Die
509 1149 562 1212 per
584 1147 703 1193 menses
726 1128 864 1212 singulos
886 1127 1036 1192 sodalium
1062 1127 1189 1192 arbitrio
1215 1125 1374 1210 eligendo,
1397 1127 1489 1190 duru-

253 1235 341 1300 modo
364 1251 467 1298 mense
491 1233 608 1316 ipsein
632 1231 772 1297 Familiis
795 1231 1000 1314 praescriptas
1025 1249 1127 1314 preces
1158 1251 1260 1296 coram
1293 1229 1402 1296 Sacrae
1433 1229 1491 1294 Fa·

251 1340 355 1404 miliae
377 1337 512 1421 imagine
535 1355 595 1401 una
617 1335 708 1400 simul
732 1333 938 1401 recitaverint.

355 1459 410 1526 Vl.
445 1458 604 1523 Morituris
634 1458 678 1536 si,
710 1476 771 1521 non
801 1460 956 1540 compotes
983 1475 1071 1521 sacra
1093 1455 1289 1522 Confessioue
1313 1460 1405 1539 atque
1429 1457 1492 1520 llu-

254 1564 416 1641 charistia,
449 1564 542 1628 animi
567 1562 670 1627 dolore
691 1562 797 1644 culpas
819 1561 1021 1643 expiaverint,
1057 1562 1088 1625 et
1118 1564 1260 1625 sanctum
1283 1579 1392 1624 nomeu
1414 1559 1491 1625 Iesu

252 1671 307 1733 aut
330 1686 411 1746 voce,
436 1668 490 1730 aut
512 1667 538 1730 si
561 1666 643 1749 loqui
668 1685 754 1748 posse
776 1665 932 1741 desierint.
959 1665 1117 1730 voluntate
1138 1665 1381 1747 imploraverint.

788 1854 958 1922 Pmtiatcs.

357 1997 382 2062 l.
421 1995 545 2061 Sodales
580 1993 820 2060 consociationis
858 1992 970 2058 Sacrae
1004 1993 1153 2060 Familiae
1187 2013 1222 2058 er
1256 1965 1385 2078 utroque
1420 2013 1492 2058 seru

252 2102 379 2186 singuli,
399 2103 452 2185 qui
477 2103 564 2164 corde
588 2099 698 2164 saltem
721 2098 845 2162 contriti
871 2097 1083 2162 Paroctrialem
1110 2099 1288 2176 Ecclesiam,
1312 2098 1344 2162 in
1367 2100 1493 2181 quaest

252 2185 339 2272 sedes
368 2204 610 2270 consociationis
641 2203 828 2273 constituta,
863 2202 909 2266 vel
945 2201 1069 2285 aliquod
1101 2202 1252 2284 templum
1285 2203 1492 2267 sacrariumve

252 2311 485 2387 celebraverint,
509 2309 633 2392 Deoque
656 2327 709 2389 pro
732 2306 774 2370 rei
798 2306 985 2370 christianae
1007 2304 1221 2369 incolumitate
1241 2303 1491 2388 supplicaverint,

241 2417 363 2481 ,lucrari
386 2413 503 2497 possint
527 2415 557 2476 et
582 2411 705 2477 valeant
728 2408 874 2492 partiales
895 2409 1104 2492 indulgentias
1130 2413 1248 2491 septem
1271 2429 1420 2474 annorum
1443 2413 1492 2474 to·

252 2523 408 2602 tirlemque
431 2517 697 2601 quadragenarum

443 2623 483 2686 1⁰.
508 2619 565 2683 Die
590 2618 785 2684 visitationis

439 2727 484 2789 20.
511 2723 566 2789 Die
592 2721 850 2788 Praesentatiouis
958 2721 990 2783 B.
1016 2720 1058 2783 M.
1083 2723 1120 2787 V.

438 2831 483 2892 3⁰.
506 2826 564 2891 Die
589 2825 756 2891 Patrooiuii

436 2933 480 2996 4⁰.
504 2931 648 3014 Quolibet
671 2930 720 2995 die
743 2930 837 2994 iidem
861 2927 981 2994 sodales
1005 2949 1065 2993 una
1088 2929 1181 2993 simul
1211 2928 1242 2991 in
1271 2928 1399 3010 propriis
1431 2927 1491 2990 Fa-

561 3035 655 3100 miliis
679 3033 843 3115 adscriptis
868 3033 1065 3117 congregati,
1097 3036 1168 3098 ante
1194 3033 1362 3116 imaginem
1386 3051 1491 3095 sacrae

563 3139 712 3203 Familiae
735 3141 833 3202 statae
856 3156 960 3220 preces
984 3138 1073 3202 corde
1096 3136 1228 3201 contrito
1251 3136 1460 3200 recitaverint.

441 3247 485 3307 5⁰.
510 3243 640 3320 Diebus,
664 3243 791 3326 quietus
814 3241 933 3306 sodales
954 3240 1151 3305 interfuerint
1174 3240 1392 3318 conventibus,
1416 3259 1492 3323 quos

563 3346 668 3410 haberi
691 3346 868 3429 contigerit.

353 3471 395 3536 Il.
427 3469 525 3533 Iidem
553 3468 672 3533 sodales
703 3468 914 3548 indulgentias
947 3465 1104 3530 lucrentur
1133 3468 1342 3530 trecentorum
1371 3466 1491 3530 dierum

250 3575 370 3658 quoties
399 3573 490 3638 corde
520 3574 652 3636 contrito
682 3575 861 3654 sequentem
889 3569 1066 3636 Orationem
1090 3575 1162 3634 ante
1185 3571 1353 3653 imaginem
1378 3568 1491 3635 Sacrae

207 3691 210 3698 '
251 3679 399 3743 Familiae
422 3695 613 3761 quocumque
637 3675 783 3740 idiomate
806 3675 1013 3741 recitaverint.

349 3868 458 3934 Oratr'o
480 3867 617 3949 qnotidie
638 3866 803 3932 recitanda
826 3872 899 3931 ante
920 3866 1089 3947 r'rnapincm
1110 3885 1222 3930 sacrae
1238 3863 1392 3945 familiae.

354 4007 379 4072 0
403 4006 616 4070 amantissime
639 4003 733 4080 Iesu,
764 4004 816 4086 qui
838 4003 1046 4066 ineffabilibus
1070 4004 1132 4066 tuis
1154 4001 1322 4066 virtutibus
1349 4003 1382 4066 et
1410 4001 1492 4067 vitae

250 4111 436 4174 domesticae
472 4109 617 4191 exemplis
652 4107 814 4172 Familiam
847 4125 865 4171 a
896 4109 927 4170 te
955 4107 1087 4171 electam
1118 4107 1147 4169 in
1180 4106 1270 4170 terris
1296 4106 1490 4182 consecrasti,

250 4214 416 4278 clementer
439 4214 540 4296 aspice
563 4214 698 4277 nostram
720 4213 798 4276 hano
822 4211 957 4287 domum,
981 4229 1058 4294 qnae
1079 4209 1118 4274 ad
1137 4215 1206 4274 tuos
1223 4209 1315 4293 pedes
1330 4209 1492 4293 provoluta

250 4319 417 4400 propitium
440 4320 471 4381 te
495 4316 554 4380 sibi
576 4316 767 4399 deprecatur.
822 4315 978 4378 Memento
1012 4316 1098 4378 tuam
1133 4332 1199 4378 esse
1232 4313 1312 4377 hanc
1345 4314 1491 4389 domum;

250 4423 393 4504 qnoniam
417 4421 475 4485 tibi
499 4441 531 4484 se
556 4420 701 4503 peculiari
724 4419 811 4482 cultu
835 4419 970 4483 sacravit
992 4436 1027 4482 ac
1049 4418 1181 4484 devovit.
1213 4417 1315 4499 ipsam
1339 4417 1491 4502 benignus

250 4530 352 4603 tuere,
382 4523 564 4607 apericulis
587 4524 687 4604 eripe,
718 4522 777 4604 ipsi
801 4521 831 4584 in
854 4519 1090 4586 necessitatibus
1113 4539 1255 4596 occurre,
1288 4525 1320 4586 et
1343 4521 1489 4586 virtutem

250 4629 379 4714 largire,
409 4646 470 4710 qua
497 4627 528 4690 in
549 4625 724 4691 imitatione
747 4625 898 4690 Familiae
921 4628 993 4690 tuae
1012 4625 1137 4689 sanctae
1160 4625 1275 4710 iugiter
1297 4627 1490 4708 perseveret;
