<?xml version="1.0" encoding="UTF-8"?>
<!DOCTYPE html PUBLIC "-//W3C//DTD XHTML 1.0 Transitional//EN"
    "http://www.w3.org/TR/xhtml1/DTD/xhtml1-transitional.dtd">
<html xmlns="http://www.w3.org/1999/xhtml" xml:lang="en" lang="en">
 <head>
  <title>
</title>
<meta http-equiv="Content-Type" content="text/html;charset=utf-8" />
  <meta name='ocr-system' content='tesseract 3.04.00' />
  <meta name='ocr-capabilities' content='ocr_page ocr_carea ocr_par ocr_line ocrx_word'/>
</head>
<body>
  <div class='ocr_page' id='page_1' title='image "./archivfrkatholi14unkngoog/archivfrkatholi14unkngoog_0395.png"; bbox 0 0 3200 4916; ppageno 0'>
   <div class='ocr_carea' id='block_1_1' title="bbox 266 282 1351 369">
    <p class='ocr_par' dir='ltr' id='par_1_1' title="bbox 266 282 1351 369">
     <span class='ocr_line' id='line_1_1' title="bbox 266 282 1351 369; baseline -0.005 -15"><span class='ocrx_word' id='word_1_1' title='bbox 266 282 329 346; x_wconf 85' lang='lat'><strong>390</strong></span> <span class='ocrx_word' id='word_1_2' title='bbox 416 299 444 353; x_wconf 82' lang='lat' dir='ltr'><strong>S.</strong></span> <span class='ocrx_word' id='word_1_3' title='bbox 466 298 576 368; x_wconf 74' lang='lat' dir='ltr'><strong>conpr.</strong></span> <span class='ocrx_word' id='word_1_4' title='bbox 596 300 633 353; x_wconf 83' lang='lat' dir='ltr'><strong>de</strong></span> <span class='ocrx_word' id='word_1_5' title='bbox 652 299 743 368; x_wconf 69' lang='lat' dir='ltr'><strong>Ptop.</strong></span> <span class='ocrx_word' id='word_1_6' title='bbox 764 299 838 353; x_wconf 73' lang='lat' dir='ltr'><strong>Faue</strong></span> <span class='ocrx_word' id='word_1_7' title='bbox 856 299 893 353; x_wconf 82' lang='lat' dir='ltr'><strong>dc</strong></span> <span class='ocrx_word' id='word_1_8' title='bbox 911 303 1031 369; x_wconf 79' lang='lat' dir='ltr'><strong>quaest.</strong></span> <span class='ocrx_word' id='word_1_9' title='bbox 1047 298 1138 351; x_wconf 79' lang='lat' dir='ltr'><strong>schol.</strong></span> <span class='ocrx_word' id='word_1_10' title='bbox 1160 297 1260 351; x_wconf 71' lang='lat' dir='ltr'><strong>Amor.</strong></span> <span class='ocrx_word' id='word_1_11' title='bbox 1277 300 1351 365; x_wconf 77' lang='lat' dir='ltr'><strong>cept.</strong></span> 
     </span>
    </p>
   </div>
   <div class='ocr_carea' id='block_1_2' title="bbox 266 469 1504 1183">
    <p class='ocr_par' dir='ltr' id='par_1_2' title="bbox 266 469 1500 655">
     <span class='ocr_line' id='line_1_2' title="bbox 267 469 1500 553; baseline -0.005 -18"><span class='ocrx_word' id='word_1_12' title='bbox 267 473 390 553; x_wconf 90' lang='lat' dir='ltr'><strong>impune</strong></span> <span class='ocrx_word' id='word_1_13' title='bbox 414 473 594 550; x_wconf 65' lang='lat' dir='ltr'><strong>grassantur</strong></span> <span class='ocrx_word' id='word_1_14' title='bbox 617 491 686 533; x_wconf 90' lang='lat' dir='ltr'><strong>cum</strong></span> <span class='ocrx_word' id='word_1_15' title='bbox 712 470 851 551; x_wconf 79' lang='lat' dir='ltr'><strong>pluribus</strong></span> <span class='ocrx_word' id='word_1_16' title='bbox 876 469 1014 533; x_wconf 79' lang='lat' dir='ltr'>hostibus</span> <span class='ocrx_word' id='word_1_17' title='bbox 1033 469 1253 544; x_wconf 75' lang='lat' dir='ltr'><strong>dimicandum,</strong></span> <span class='ocrx_word' id='word_1_18' title='bbox 1278 488 1313 531; x_wconf 89' lang='lat' dir='ltr'><strong>ac</strong></span> <span class='ocrx_word' id='word_1_19' title='bbox 1329 469 1500 530; x_wconf 82' lang='lat' dir='ltr'>innumerae</span> 
     </span>
     <span class='ocr_line' id='line_1_3' title="bbox 266 574 1193 655; baseline -0.004 -19"><span class='ocrx_word' id='word_1_20' title='bbox 266 575 468 639; x_wconf 74' lang='lat' dir='ltr'><strong>uirfieulmua</strong></span> <span class='ocrx_word' id='word_1_21' title='bbox 488 579 520 638; x_wconf 88' lang='lat' dir='ltr'><strong>et</strong></span> <span class='ocrx_word' id='word_1_22' title='bbox 542 575 702 637; x_wconf 84' lang='lat' dir='ltr'><strong>obstacula</strong></span> <span class='ocrx_word' id='word_1_23' title='bbox 725 574 897 655; x_wconf 75' lang='lat' dir='ltr'><strong>superanda</strong></span> <span class='ocrx_word' id='word_1_24' title='bbox 921 574 1054 654; x_wconf 79' lang='lat' dir='ltr'><strong>undique</strong></span> <span class='ocrx_word' id='word_1_25' title='bbox 1079 575 1193 636; x_wconf 80' lang='lat' dir='ltr'><strong>extant.</strong></span> 
     </span>
    </p>

    <p class='ocr_par' dir='ltr' id='par_1_3' title="bbox 266 685 1504 1183">
     <span class='ocr_line' id='line_1_4' title="bbox 371 685 1503 767; baseline -0.004 -17"><span class='ocrx_word' id='word_1_26' title='bbox 371 687 438 750; x_wconf 80' lang='lat' dir='ltr'><strong>Euri</strong></span> <span class='ocrx_word' id='word_1_27' title='bbox 471 687 578 750; x_wconf 84' lang='lat' dir='ltr'><strong>Patres</strong></span> <span class='ocrx_word' id='word_1_28' title='bbox 609 687 682 748; x_wconf 86' lang='lat' dir='ltr'><strong>item</strong></span> <span class='ocrx_word' id='word_1_29' title='bbox 715 686 876 749; x_wconf 78' lang='lat' dir='ltr'><strong>uolumunt</strong></span> <span class='ocrx_word' id='word_1_30' title='bbox 909 693 942 748; x_wconf 86' lang='lat' dir='ltr'><strong>ut</strong></span> <span class='ocrx_word' id='word_1_31' title='bbox 970 689 1001 748; x_wconf 91' lang='lat' dir='ltr'><strong>in</strong></span> <span class='ocrx_word' id='word_1_32' title='bbox 1033 685 1174 748; x_wconf 86' lang='lat' dir='ltr'><strong>Comitiis</strong></span> <span class='ocrx_word' id='word_1_33' title='bbox 1205 704 1283 767; x_wconf 69' lang='lat' dir='ltr'><strong>qliae</strong></span> <span class='ocrx_word' id='word_1_34' title='bbox 1308 686 1405 765; x_wconf 90' lang='lat' dir='ltr'><strong>primo</strong></span> <span class='ocrx_word' id='word_1_35' title='bbox 1428 686 1503 747; x_wconf 80' lang='lat' dir='ltr'><strong>iuter</strong></span> 
     </span>
     <span class='ocr_line' id='line_1_5' title="bbox 267 787 1504 871; baseline -0.005 -17"><span class='ocrx_word' id='word_1_36' title='bbox 267 791 412 855; x_wconf 79' lang='lat' dir='ltr'><strong>Statuam</strong></span> <span class='ocrx_word' id='word_1_37' title='bbox 437 791 671 853; x_wconf 67' lang='lat' dir='ltr'><strong>Foederatorum</strong></span> <span class='ocrx_word' id='word_1_38' title='bbox 700 791 949 871; x_wconf 71' lang='lat' dir='ltr'><strong>Arelliopiscopos</strong></span> <span class='ocrx_word' id='word_1_39' title='bbox 979 790 1078 852; x_wconf 75' lang='lat' dir='ltr'><strong>locum</strong></span> <span class='ocrx_word' id='word_1_40' title='bbox 1112 789 1287 865; x_wconf 72' lang='lat' dir='ltr'><strong>haitelluni,</strong></span> <span class='ocrx_word' id='word_1_41' title='bbox 1318 787 1409 850; x_wconf 81' lang='lat' dir='ltr'><strong>iidem</strong></span> <span class='ocrx_word' id='word_1_42' title='bbox 1436 787 1504 849; x_wconf 84' lang='lat' dir='ltr'><strong>dili-</strong></span> 
     </span>
     <span class='ocr_line' id='line_1_6' title="bbox 267 891 1504 978; baseline -0.005 -20"><span class='ocrx_word' id='word_1_43' title='bbox 267 894 447 978; x_wconf 82' lang='lat' dir='ltr'><strong>gentissime</strong></span> <span class='ocrx_word' id='word_1_44' title='bbox 470 893 507 957; x_wconf 86' lang='lat' dir='ltr'><strong>de</strong></span> <span class='ocrx_word' id='word_1_45' title='bbox 529 893 645 958; x_wconf 88' lang='lat' dir='ltr'><strong>ratione</strong></span> <span class='ocrx_word' id='word_1_46' title='bbox 669 897 865 978; x_wconf 78' lang='lat' dir='ltr'><strong>cognoscant,</strong></span> <span class='ocrx_word' id='word_1_47' title='bbox 886 913 946 976; x_wconf 88' lang='lat' dir='ltr'><strong>qua</strong></span> <span class='ocrx_word' id='word_1_48' title='bbox 968 893 1202 976; x_wconf 82' lang='lat' dir='ltr'><strong>quamplurimis</strong></span> <span class='ocrx_word' id='word_1_49' title='bbox 1217 892 1378 958; x_wconf 81' lang='lat' dir='ltr'><strong>catholicis</strong></span> <span class='ocrx_word' id='word_1_50' title='bbox 1395 891 1504 975; x_wconf 83' lang='lat' dir='ltr'><strong>pueris,</strong></span> 
     </span>
     <span class='ocr_line' id='line_1_7' title="bbox 266 996 1503 1082; baseline -0.002 -20"><span class='ocrx_word' id='word_1_51' title='bbox 266 999 317 1082; x_wconf 87' lang='lat' dir='ltr'><strong>qui</strong></span> <span class='ocrx_word' id='word_1_52' title='bbox 340 997 506 1064; x_wconf 90' lang='lat' dir='ltr'><strong>seeundum</strong></span> <span class='ocrx_word' id='word_1_53' title='bbox 531 999 689 1080; x_wconf 88' lang='lat' dir='ltr'><strong>computos</strong></span> <span class='ocrx_word' id='word_1_54' title='bbox 709 997 769 1062; x_wconf 85' lang='lat' dir='ltr'><strong>fide</strong></span> <span class='ocrx_word' id='word_1_55' title='bbox 786 999 894 1080; x_wconf 85' lang='lat' dir='ltr'><strong>dignos</strong></span> <span class='ocrx_word' id='word_1_56' title='bbox 912 997 1033 1062; x_wconf 88' lang='lat' dir='ltr'><strong>scholas</strong></span> <span class='ocrx_word' id='word_1_57' title='bbox 1049 997 1188 1079; x_wconf 86' lang='lat' dir='ltr'><strong>publicas</strong></span> <span class='ocrx_word' id='word_1_58' title='bbox 1205 999 1268 1062; x_wconf 91' lang='lat' dir='ltr'><strong>loeo</strong></span> <span class='ocrx_word' id='word_1_59' title='bbox 1286 996 1503 1079; x_wconf 80' lang='lat' dir='ltr'><strong>parochialium</strong></span> 
     </span>
     <span class='ocr_line' id='line_1_8' title="bbox 267 1101 668 1183; baseline -0.002 -18"><span class='ocrx_word' id='word_1_60' title='bbox 267 1103 391 1178; x_wconf 84' lang='lat' dir='ltr'><strong>adeunt,</strong></span> <span class='ocrx_word' id='word_1_61' title='bbox 411 1101 542 1182; x_wconf 83' lang='lat' dir='ltr'><strong>prospici</strong></span> <span class='ocrx_word' id='word_1_62' title='bbox 566 1105 668 1183; x_wconf 85' lang='lat' dir='ltr'><strong>queat.</strong></span> 
     </span>
    </p>
   </div>
   <div class='ocr_carea' id='block_1_3' title="bbox 265 1213 1564 1693">
    <p class='ocr_par' dir='ltr' id='par_1_4' title="bbox 265 1213 1564 1693">
     <span class='ocr_line' id='line_1_9' title="bbox 368 1213 1503 1297; baseline 0.003 -19"><span class='ocrx_word' id='word_1_63' title='bbox 368 1213 444 1279; x_wconf 84' lang='lat' dir='ltr'><strong>cum</strong></span> <span class='ocrx_word' id='word_1_64' title='bbox 466 1214 720 1294; x_wconf 78' lang='lat' dir='ltr'><strong>compastoralis</strong></span> <span class='ocrx_word' id='word_1_65' title='bbox 743 1214 918 1278; x_wconf 83' lang='lat' dir='ltr'><strong>sollicitudo</strong></span> <span class='ocrx_word' id='word_1_66' title='bbox 942 1217 973 1279; x_wconf 92' lang='lat' dir='ltr'><strong>et</strong></span> <span class='ocrx_word' id='word_1_67' title='bbox 994 1216 1164 1296; x_wconf 89' lang='lat' dir='ltr'><strong>impensum</strong></span> <span class='ocrx_word' id='word_1_68' title='bbox 1183 1215 1339 1297; x_wconf 85' lang='lat' dir='ltr'><strong>religionis</strong></span> <span class='ocrx_word' id='word_1_69' title='bbox 1357 1213 1503 1281; x_wconf 87' lang='lat' dir='ltr'><strong>studium.</strong></span> 
     </span>
     <span class='ocr_line' id='line_1_10' title="bbox 265 1317 1503 1400; baseline 0.001 -20"><span class='ocrx_word' id='word_1_70' title='bbox 265 1337 324 1399; x_wconf 92' lang='lat' dir='ltr'><strong>quo</strong></span> <span class='ocrx_word' id='word_1_71' title='bbox 346 1317 513 1382; x_wconf 86' lang='lat' dir='ltr'><strong>Antistites</strong></span> <span class='ocrx_word' id='word_1_72' title='bbox 537 1317 626 1380; x_wconf 87' lang='lat' dir='ltr'><strong>istius</strong></span> <span class='ocrx_word' id='word_1_73' title='bbox 649 1317 858 1399; x_wconf 85' lang='lat' dir='ltr'><strong>amplissimae</strong></span> <span class='ocrx_word' id='word_1_74' title='bbox 881 1317 1005 1382; x_wconf 86' lang='lat' dir='ltr'><strong>ditionis</strong></span> <span class='ocrx_word' id='word_1_75' title='bbox 1031 1319 1178 1394; x_wconf 84' lang='lat' dir='ltr'><strong>feruutur,</strong></span> <span class='ocrx_word' id='word_1_76' title='bbox 1202 1318 1313 1383; x_wconf 86' lang='lat' dir='ltr'><strong>Sacrae</strong></span> <span class='ocrx_word' id='word_1_77' title='bbox 1329 1317 1503 1400; x_wconf 79' lang='lat' dir='ltr'><strong>Congrege-</strong></span> 
     </span>
     <span class='ocr_line' id='line_1_11' title="bbox 265 1421 1504 1505; baseline -0.002 -21"><span class='ocrx_word' id='word_1_78' title='bbox 265 1423 342 1485; x_wconf 91' lang='lat' dir='ltr'><strong>tioni</strong></span> <span class='ocrx_word' id='word_1_79' title='bbox 365 1421 502 1504; x_wconf 89' lang='lat' dir='ltr'><strong>apprime</strong></span> <span class='ocrx_word' id='word_1_80' title='bbox 527 1424 716 1502; x_wconf 86' lang='lat' dir='ltr'><strong>perspectum</strong></span> <span class='ocrx_word' id='word_1_81' title='bbox 741 1421 792 1498; x_wconf 81' lang='lat' dir='ltr'><strong>sit,</strong></span> <span class='ocrx_word' id='word_1_82' title='bbox 814 1423 919 1484; x_wconf 84' lang='lat' dir='ltr'><strong>eadem</strong></span> <span class='ocrx_word' id='word_1_83' title='bbox 945 1442 998 1505; x_wconf 95' lang='lat' dir='ltr'><strong>pro</strong></span> <span class='ocrx_word' id='word_1_84' title='bbox 1022 1427 1104 1486; x_wconf 87' lang='lat' dir='ltr'><strong>certo</strong></span> <span class='ocrx_word' id='word_1_85' title='bbox 1129 1423 1223 1486; x_wconf 87' lang='lat' dir='ltr'><strong>habet</strong></span> <span class='ocrx_word' id='word_1_86' title='bbox 1244 1423 1327 1486; x_wconf 91' lang='lat' dir='ltr'><strong>ornni</strong></span> <span class='ocrx_word' id='word_1_87' title='bbox 1348 1441 1405 1503; x_wconf 91' lang='lat' dir='ltr'><strong>ope</strong></span> <span class='ocrx_word' id='word_1_88' title='bbox 1428 1423 1504 1504; x_wconf 86' lang='lat' dir='ltr'><strong>ipsos</strong></span> 
     </span>
     <span class='ocr_line' id='line_1_12' title="bbox 266 1524 1564 1609; baseline -0.001 -22"><span class='ocrx_word' id='word_1_89' title='bbox 266 1524 425 1588; x_wconf 84' lang='lat' dir='ltr'><strong>adnisuros</strong></span> <span class='ocrx_word' id='word_1_90' title='bbox 448 1525 486 1586; x_wconf 87' lang='lat' dir='ltr'><strong>ad</strong></span> <span class='ocrx_word' id='word_1_91' title='bbox 511 1525 832 1606; x_wconf 75' lang='lat' dir='ltr'><strong>aptissima-remeare</strong></span> <span class='ocrx_word' id='word_1_92' title='bbox 856 1525 1054 1603; x_wconf 85' lang='lat' dir='ltr'><strong>invenienda,</strong></span> <span class='ocrx_word' id='word_1_93' title='bbox 1085 1527 1196 1609; x_wconf 85' lang='lat' dir='ltr'><strong>quibus</strong></span> <span class='ocrx_word' id='word_1_94' title='bbox 1220 1526 1304 1590; x_wconf 89' lang='lat' dir='ltr'><strong>hisce</strong></span> <span class='ocrx_word' id='word_1_95' title='bbox 1328 1525 1419 1590; x_wconf 89' lang='lat' dir='ltr'><strong>malis</strong></span> <span class='ocrx_word' id='word_1_96' title='bbox 1443 1526 1505 1589; x_wconf 85' lang='lat' dir='ltr'><strong>elli·</strong></span> <span class='ocrx_word' id='word_1_97' title='bbox 1563 1549 1564 1606; x_wconf 56' lang='grc' dir='ltr'><strong>ς</strong></span> 
     </span>
     <span class='ocr_line' id='line_1_13' title="bbox 265 1619 1564 1693; baseline -0.006 -1"><span class='ocrx_word' id='word_1_98' title='bbox 265 1629 379 1693; x_wconf 88' lang='lat' dir='ltr'><strong>cuciter</strong></span> <span class='ocrx_word' id='word_1_99' title='bbox 399 1629 586 1691; x_wconf 84' lang='lat' dir='ltr'><strong>occurratur.</strong></span> <span class='ocrx_word' id='word_1_100' title='bbox 1563 1619 1564 1624; x_wconf 72' lang='grc'>’</span> 
     </span>
    </p>
   </div>
   <div class='ocr_carea' id='block_1_4' title="bbox 266 1740 1564 1927">
    <p class='ocr_par' dir='ltr' id='par_1_5' title="bbox 266 1717 1564 1927">
     <span class='ocr_line' id='line_1_14' title="bbox 368 1740 1505 1827; baseline 0 -24"><span class='ocrx_word' id='word_1_101' title='bbox 368 1740 447 1804; x_wconf 88' lang='lat' dir='ltr'><strong>Item</strong></span> <span class='ocrx_word' id='word_1_102' title='bbox 471 1740 646 1803; x_wconf 86' lang='lat' dir='ltr'><strong>nullatenus</strong></span> <span class='ocrx_word' id='word_1_103' title='bbox 663 1741 785 1804; x_wconf 88' lang='lat' dir='ltr'><strong>dubitat</strong></span> <span class='ocrx_word' id='word_1_104' title='bbox 802 1742 873 1823; x_wconf 89' lang='lat' dir='ltr'><strong>quin</strong></span> <span class='ocrx_word' id='word_1_105' title='bbox 890 1762 941 1824; x_wconf 90' lang='lat' dir='ltr'><strong>pre</strong></span> <span class='ocrx_word' id='word_1_106' title='bbox 959 1743 1046 1807; x_wconf 85' lang='lat' dir='ltr'><strong>filiali</strong></span> <span class='ocrx_word' id='word_1_107' title='bbox 1064 1743 1256 1806; x_wconf 86' lang='lat' dir='ltr'><strong>ueneratione</strong></span> <span class='ocrx_word' id='word_1_108' title='bbox 1273 1763 1333 1827; x_wconf 88' lang='lat' dir='ltr'><strong>qua</strong></span> <span class='ocrx_word' id='word_1_109' title='bbox 1350 1745 1505 1824; x_wconf 79' lang='lat' dir='ltr'><strong>Apostoli·</strong></span> 
     </span>
     <span class='ocr_line' id='line_1_15' title="bbox 266 1831 1564 1927; baseline 0.005 -22"><span class='ocrx_word' id='word_1_110' title='bbox 266 1864 332 1907; x_wconf 63' lang='lat' dir='ltr'><strong>ream</strong></span> <span class='ocrx_word' id='word_1_111' title='bbox 350 1843 459 1908; x_wconf 89' lang='lat' dir='ltr'><strong>Sedem</strong></span> <span class='ocrx_word' id='word_1_112' title='bbox 484 1846 724 1926; x_wconf 84' lang='lat' dir='ltr'><strong>prosequuntur,</strong></span> <span class='ocrx_word' id='word_1_113' title='bbox 752 1845 862 1920; x_wconf 75' lang='lat' dir='ltr'><strong>iidem,</strong></span> <span class='ocrx_word' id='word_1_114' title='bbox 895 1848 1001 1927; x_wconf 83' lang='lat' dir='ltr'><strong>qrrauis</strong></span> <span class='ocrx_word' id='word_1_115' title='bbox 1027 1848 1170 1911; x_wconf 83' lang='lat' dir='ltr'><strong>submotu</strong></span> <span class='ocrx_word' id='word_1_116' title='bbox 1194 1848 1364 1911; x_wconf 72' lang='lat' dir='ltr'><strong>arrianorum</strong></span> <span class='ocrx_word' id='word_1_117' title='bbox 1389 1848 1505 1910; x_wconf 86' lang='lat' dir='ltr'><strong>disseu·</strong></span> <span class='ocrx_word' id='word_1_118' title='bbox 1563 1831 1564 1912; x_wconf 84' lang='lat' dir='ltr'><strong>i</strong></span> 
     </span>
    </p>
   </div>
   <div class='ocr_carea' id='block_1_5' title="bbox 266 1941 1564 2120">
    <p class='ocr_par' dir='ltr' id='par_1_6' title="bbox 266 1941 1564 2120">
     <span class='ocr_line' id='line_1_16' title="bbox 266 1941 1564 2034; baseline 0.002 -26"><span class='ocrx_word' id='word_1_119' title='bbox 266 1948 368 2025; x_wconf 88' lang='lat' dir='ltr'><strong>sione,</strong></span> <span class='ocrx_word' id='word_1_120' title='bbox 391 1948 429 2011; x_wconf 89' lang='lat' dir='ltr'><strong>ad</strong></span> <span class='ocrx_word' id='word_1_121' title='bbox 452 1948 637 2012; x_wconf 85' lang='lat' dir='ltr'><strong>catholicum</strong></span> <span class='ocrx_word' id='word_1_122' title='bbox 662 1967 770 2013; x_wconf 91' lang='lat' dir='ltr'><strong>nomeu</strong></span> <span class='ocrx_word' id='word_1_123' title='bbox 795 1949 958 2013; x_wconf 80' lang='lat' dir='ltr'><strong>tutandum</strong></span> <span class='ocrx_word' id='word_1_124' title='bbox 983 1953 1013 2013; x_wconf 89' lang='lat' dir='ltr'><strong>et</strong></span> <span class='ocrx_word' id='word_1_125' title='bbox 1038 1951 1211 2034; x_wconf 83' lang='lat' dir='ltr'><strong>augendum</strong></span> <span class='ocrx_word' id='word_1_126' title='bbox 1235 1951 1373 2015; x_wconf 90' lang='lat' dir='ltr'><strong>concordi</strong></span> <span class='ocrx_word' id='word_1_127' title='bbox 1400 1951 1504 2014; x_wconf 81' lang='lat' dir='ltr'><strong>volun</strong></span> <span class='ocrx_word' id='word_1_128' title='bbox 1563 1941 1564 1978; x_wconf 77' lang='lat'>³</span> 
     </span>
     <span class='ocr_line' id='line_1_17' title="bbox 266 2052 1210 2120; baseline 0.006 -7"><span class='ocrx_word' id='word_1_129' title='bbox 266 2053 333 2114; x_wconf 85' lang='lat' dir='ltr'><strong>tate</strong></span> <span class='ocrx_word' id='word_1_130' title='bbox 356 2053 388 2115; x_wconf 81' lang='lat' dir='ltr'><strong>eb</strong></span> <span class='ocrx_word' id='word_1_131' title='bbox 409 2052 670 2117; x_wconf 80' lang='lat' dir='ltr'><strong>consentientibus</strong></span> <span class='ocrx_word' id='word_1_132' title='bbox 693 2052 804 2116; x_wconf 89' lang='lat' dir='ltr'><strong>animis</strong></span> <span class='ocrx_word' id='word_1_133' title='bbox 826 2055 1002 2118; x_wconf 89' lang='lat' dir='ltr'><strong>constanter</strong></span> <span class='ocrx_word' id='word_1_134' title='bbox 1023 2054 1210 2120; x_wconf 73' lang='lat' dir='ltr'><strong>allaborent.</strong></span> 
     </span>
    </p>
   </div>
   <div class='ocr_carea' id='block_1_6' title="bbox 368 2163 1564 2730">
    <p class='ocr_par' dir='ltr' id='par_1_7' title="bbox 368 2163 1564 2730">
     <span class='ocr_line' id='line_1_18' title="bbox 368 2163 1564 2260; baseline 0.003 -32"><span class='ocrx_word' id='word_1_135' title='bbox 368 2163 492 2229; x_wconf 82' lang='lat' dir='ltr'><strong>interea</strong></span> <span class='ocrx_word' id='word_1_136' title='bbox 515 2165 617 2229; x_wconf 88' lang='lat' dir='ltr'><strong>omnia</strong></span> <span class='ocrx_word' id='word_1_137' title='bbox 639 2165 709 2230; x_wconf 84' lang='lat' dir='ltr'><strong>Tibi</strong></span> <span class='ocrx_word' id='word_1_138' title='bbox 734 2166 876 2230; x_wconf 82' lang='lat' dir='ltr'><strong>faustae</strong></span> <span class='ocrx_word' id='word_1_139' title='bbox 902 2167 964 2230; x_wconf 91' lang='lat' dir='ltr'><strong>Deo</strong></span> <span class='ocrx_word' id='word_1_140' title='bbox 986 2186 1020 2232; x_wconf 86' lang='lat' dir='ltr'><strong>ex</strong></span> <span class='ocrx_word' id='word_1_141' title='bbox 1042 2167 1144 2232; x_wconf 78' lang='lat' dir='ltr'><strong>arriano</strong></span> <span class='ocrx_word' id='word_1_142' title='bbox 1169 2187 1283 2250; x_wconf 87' lang='lat' dir='ltr'><strong>precor.</strong></span> <span class='ocrx_word' id='word_1_143' title='bbox 1563 2251 1564 2260; x_wconf 8' lang='grc' dir='ltr'>ἵ</span> 
     </span>
     <span class='ocr_line' id='line_1_19' title="bbox 369 2273 1564 2371; baseline 0 -20"><span class='ocrx_word' id='word_1_144' title='bbox 369 2286 483 2351; x_wconf 88' lang='lat' dir='ltr'><strong>Datum</strong></span> <span class='ocrx_word' id='word_1_145' title='bbox 500 2287 613 2352; x_wconf 87' lang='lat' dir='ltr'><strong>Romae</strong></span> <span class='ocrx_word' id='word_1_146' title='bbox 628 2306 663 2352; x_wconf 86' lang='lat' dir='ltr'><strong>ex</strong></span> <span class='ocrx_word' id='word_1_147' title='bbox 681 2287 754 2352; x_wconf 83' lang='lat' dir='ltr'><strong>Aed.</strong></span> <span class='ocrx_word' id='word_1_148' title='bbox 771 2287 800 2352; x_wconf 85' lang='lat' dir='ltr'><strong>S.</strong></span> <span class='ocrx_word' id='word_1_149' title='bbox 815 2287 848 2353; x_wconf 81' lang='grc' dir='ltr'><strong>Ο.</strong></span> <span class='ocrx_word' id='word_1_150' title='bbox 867 2289 1087 2371; x_wconf 83' lang='lat' dir='ltr'><strong>Propagandae</strong></span> <span class='ocrx_word' id='word_1_151' title='bbox 1107 2289 1191 2353; x_wconf 78' lang='lat' dir='ltr'><strong>Fidei</strong></span> <span class='ocrx_word' id='word_1_152' title='bbox 1208 2291 1256 2352; x_wconf 85' lang='lat' dir='ltr'><strong>die</strong></span> <span class='ocrx_word' id='word_1_153' title='bbox 1274 2291 1304 2352; x_wconf 91' lang='lat'><strong>3.</strong></span> <span class='ocrx_word' id='word_1_154' title='bbox 1320 2289 1398 2354; x_wconf 85' lang='lat' dir='ltr'><strong>lrlaii</strong></span> <span class='ocrx_word' id='word_1_155' title='bbox 1415 2290 1503 2353; x_wconf 80' lang='lat'>1892.</span> <span class='ocrx_word' id='word_1_156' title='bbox 1563 2273 1564 2340; x_wconf 80' lang='lat' dir='ltr'><strong>i</strong></span> 
     </span>
     <span class='ocr_line' id='line_1_20' title="bbox 455 2407 784 2491; baseline 0 -19"><span class='ocrx_word' id='word_1_157' title='bbox 455 2407 677 2491; x_wconf 83' lang='lat' dir='ltr'><strong>Amplitudiuis</strong></span> <span class='ocrx_word' id='word_1_158' title='bbox 699 2409 784 2474; x_wconf 86' lang='lat' dir='ltr'><strong>Tuae</strong></span> 
     </span>
     <span class='ocr_line' id='line_1_21' title="bbox 522 2529 896 2596; baseline 0.003 -2"><span class='ocrx_word' id='word_1_159' title='bbox 522 2529 761 2596; x_wconf 84' lang='lat' dir='ltr'><strong>Addictissimus</strong></span> <span class='ocrx_word' id='word_1_160' title='bbox 785 2531 896 2595; x_wconf 89' lang='lat' dir='ltr'><strong>Seruus</strong></span> 
     </span>
     <span class='ocr_line' id='line_1_22' title="bbox 691 2652 1466 2730; baseline 0.003 -14"><span class='ocrx_word' id='word_1_161' title='bbox 691 2652 879 2718; x_wconf 75' lang='lat' dir='ltr'><strong>Miccisluus</strong></span> <span class='ocrx_word' id='word_1_162' title='bbox 902 2652 991 2717; x_wconf 83' lang='lat' dir='ltr'><strong>Gord.</strong></span> <span class='ocrx_word' id='word_1_163' title='bbox 1017 2653 1246 2730; x_wconf 77' lang='lat' dir='ltr'><strong>Lcdoclrowslo&#39;,</strong></span> <span class='ocrx_word' id='word_1_164' title='bbox 1272 2655 1466 2718; x_wconf 80' lang='lat' dir='ltr'><strong>l&#39;reelectus.</strong></span> 
     </span>
    </p>
   </div>
   <div class='ocr_carea' id='block_1_7' title="bbox 601 2773 1421 2857">
    <p class='ocr_par' dir='ltr' id='par_1_8' title="bbox 601 2773 1421 2857">
     <span class='ocr_line' id='line_1_23' title="bbox 601 2773 1421 2857; baseline 0.001 -19"><span class='ocrx_word' id='word_1_165' title='bbox 601 2773 792 2857; x_wconf 62' lang='lat' dir='ltr'><strong>Myconus</strong></span> <span class='ocrx_word' id='word_1_166' title='bbox 811 2775 958 2857; x_wconf 77' lang='lat' dir='ltr'><strong>Arcticp.</strong></span> <span class='ocrx_word' id='word_1_167' title='bbox 987 2777 1192 2852; x_wconf 66' lang='lat' dir='ltr'><strong>Tamiathcu„</strong></span> <span class='ocrx_word' id='word_1_168' title='bbox 1216 2775 1421 2842; x_wconf 87' lang='lat' dir='ltr'><strong>Secretarius.</strong></span> 
     </span>
    </p>
   </div>
   <div class='ocr_carea' id='block_1_8' title="bbox 0 0 1604 4916">
    <p class='ocr_par' dir='ltr' id='par_1_9' title="bbox 0 0 1604 4916">
     <span class='ocr_line' id='line_1_24' title="bbox 0 0 1604 4916; baseline 0 0"><span class='ocrx_word' id='word_1_169' title='bbox 0 0 1604 4916; x_wconf 95' lang='lat' dir='ltr'><strong> </strong></span> 
     </span>
    </p>
   </div>
  </div>
 </body>
</html>
