3200 4916
152 275 179 332 S.
199 277 290 334 Poene.
312 297 361 350 ap.
381 283 466 334 circe
486 281 548 336 aba.
568 297 638 346 cor,
657 285 711 354 qui
732 283 813 338 boma
833 299 851 336 α
872 281 999 352 pubem.
1018 281 1088 338 Ital.
1108 299 1150 338 er.
1170 286 1287 356 acquin.
1326 267 1390 332 439

255 454 281 519 l.
308 489 345 500 -
369 452 555 518 Procedatnr
578 453 615 518 de
636 453 844 540 intelligentia
858 456 989 522 aliorum
1007 454 1249 535 Ordinariorum,
1271 457 1389 542 siquo·

150 576 215 622 rum
240 557 379 635 intersit,
409 559 441 622 et
464 557 500 622 de
523 577 674 624 consensu
696 577 801 625 eorum
826 560 878 645 qui
901 559 1090 644 respectiras
1113 578 1221 625 censae
1244 560 1312 645 pias
1334 582 1389 628 oc·

149 663 259 729 monice
278 663 520 744 repraesentant,
544 662 734 748 aliorumque
757 667 906 731 cononice
928 665 1076 729 iuteresse
1101 663 1292 731 habentium.

252 766 281 830 2.
305 801 347 812 -
369 763 406 830 Io
430 765 606 848 quantitate
629 786 745 852 aeqnee
766 768 994 851 compositionis
1026 767 1260 834 determinanda
1289 769 1389 836 consi·

149 869 312 935 derantur:

250 976 288 1060 c)
312 974 486 1040 bundorum
508 995 561 1042 seu
582 974 699 1060 jurium
724 976 808 1043 valor
832 975 922 1042 realis
945 997 979 1042 co
1005 981 1140 1058 tempore
1168 995 1228 1060 quo
1262 996 1386 1060 compo·

148 1079 220 1145 uilio
241 1081 362 1159 initum

251 1184 285 1264 b)
307 1183 446 1249 Pretium
466 1185 646 1269 emptionis;

251 1289 282 1367 c)
307 1287 455 1353 Praesens
477 1291 633 1356 oratorum
656 1293 776 1367 statum

251 1392 289 1470 d)
311 1391 346 1456 Id
363 1392 394 1455 in
410 1411 469 1474 quo
485 1393 544 1476 ipsi
558 1396 696 1460 oratores
707 1413 777 1460 cum
792 1395 903 1460 damno
915 1394 1062 1460 ccclesiae
1076 1393 1202 1460 ditiores
1214 1393 1289 1460 tacti
1301 1395 1387 1471 sunt;

250 1496 283 1579 e)
305 1494 405 1561 Onera
427 1496 496 1579 pia,
519 1515 662 1580 quorum,
686 1499 712 1563 si
735 1498 854 1576 adsint,
879 1497 1041 1580 praecipue
1064 1497 1144 1563 ratio
1166 1496 1309 1563 habenda
1331 1500 1387 1564 est.

149 1597 255 1666 Dalm
275 1605 379 1666 antem
401 1599 574 1667 Ordimcrio
601 1601 740 1683 facultas
770 1601 877 1668 eudem
906 1602 1105 1668 condonandi
1133 1623 1172 1668 cc
1201 1608 1262 1668 toto
1282 1601 1329 1666 vel
1351 1623 1389 1667 ec

144 1709 252 1785 porte,
282 1705 312 1769 ei
340 1706 386 1770 eis
415 1706 615 1786 satiefcctnm
636 1726 700 1771 non
723 1707 837 1788 smmi,
870 1726 990 1772 necnon
1012 1707 1120 1772 ecdem
1140 1705 1310 1772 reducendi
1326 1726 1388 1788 pro

144 1809 251 1890 {muro
266 1809 361 1890 jnmn
384 1809 484 1886 eires,
506 1813 572 1876 sice
591 1811 635 1877 cd
655 1817 791 1891 temptes,
815 1812 880 1877 sine
901 1813 936 1875 in
954 1816 1156 1893 perpetuum,
1178 1831 1239 1894 pro
1261 1810 1388 1876 diversa

147 1933 316 1980 cansarum
338 1920 367 1979 et
386 1914 601 1996 adjunctorum
623 1921 755 1990 natura,
778 1914 955 1996 supplente,
985 1920 1134 1997 waiam
1157 1915 1200 1980 cd
1219 1915 1335 1981 missus
1360 1920 1389 1980 et

148 2017 215 2082 alin
236 2017 392 2102 euffrnpic
414 2018 532 2095 attinet,
556 2017 654 2084 SSmo
677 2017 813 2083 Domino
836 2018 874 2082 de
894 2017 1039 2084 thesauro
1059 2017 1230 2082 Ecclesiae.

253 2123 282 2186 3.
295 2140 348 2168 ·-
371 2119 547 2203 Benipnior
569 2142 634 2188 ense
651 2128 752 2204 potest
774 2123 964 2204 compositio,
988 2123 1018 2186 ei
1037 2123 1175 2204 pretinm
1192 2121 1326 2188 selmum
1341 2120 1388 2186 cel

148 2244 248 2290 conon
271 2231 464 2307 assumptus,
497 2227 579 2292 citro
608 2225 732 2309 eulpam
761 2225 910 2308 ereptoris
939 2225 986 2290 ccl
1008 2225 1235 2309 crnpbptentce,
1268 2229 1389 2306 superet

145 2335 340 2410 praesentem
360 2329 495 2396 valorem
508 2329 699 2411 fundorum
721 2329 795 2394 item
804 2348 866 2410 pro
884 2328 931 2394 eie
945 2329 998 2410 pul
1014 2328 1111 2394 macti
1124 2325 1387 2408 cffrcncaoernmt,

149 2440 177 2498 ct
199 2434 449 2516 proheredibus
471 2453 592 2503 eorum.
616 2436 671 2516 qni
692 2435 771 2499 mna
795 2432 843 2498 cel
870 2433 948 2516 jaro
969 2431 1194 2508 ecclesiastico,
1223 2437 1257 2498 nt
1277 2451 1386 2513 supro,

147 2534 262 2616 injuste
279 2537 493 2618 possederunt,
513 2537 570 2603 ced
591 2537 675 2603 elice
698 2557 811 2602 caueae
825 2537 901 2618 pios
919 2536 1135 2619 fundaverunt
1156 2542 1211 2601 cut
1223 2537 1386 2620 juvarunt.

248 2641 278 2704 4.
304 2677 341 2687 —-
367 2641 422 2706 Ad
440 2643 687 2722 compositionem
703 2640 896 2706 cenomanen·
909 2645 982 2706 sunt
997 2640 1091 2705 etiam
1108 2639 1168 2719 ule,
1184 2640 1297 2732 petbus
1314 2659 1387 2706 com·

146 2763 265 2810 cessum
285 2745 348 2824 scit
370 2747 450 2811 bona
479 2750 534 2811 cut
557 2745 637 2825 juro
664 2746 849 2827 supradicta
869 2745 1042 2810 adnutum
1063 2743 1223 2810 Ecclesiae
1243 2745 1386 2820 retinere,

146 2847 331 2930 secessere
361 2849 589 2915 cereditiombmr
628 2849 705 2915 aliis
743 2849 921 2932 cdmpnntis
933 2873 944 2925 ,·
978 2849 1032 2930 qni
1063 2848 1172 2913 modus
1205 2847 1388 2914 conmdcndi

146 2952 351 3017 correcientiae
371 2951 512 3034 fidelium
525 2973 600 3021 ,mon
622 2952 761 3033 amplius
781 2951 966 3017 concedimr.

248 3055 278 3118 5.
307 3091 349 3102 -
372 3054 567 3134 Ordinante,
599 3054 720 3138 quando
751 3055 856 3138 agitur
879 3054 916 3118 de
939 3052 1042 3117 fundis
1065 3052 1097 3117 in
1120 3053 1231 3136 quibus
1253 3052 1316 3118 sita
1338 3054 1386 3118 est

146 3156 292 3236 ecclesie,
326 3159 505 3244 relegitur
537 3158 575 3224 de
605 3159 695 3223 rebus
729 3157 825 3222 sacris
859 3157 1046 3236 mobilibus,
1080 3158 1216 3222 oratores
1245 3159 1386 3221 oretenus

147 3262 270 3326 nroneet
290 3261 328 3327 de
347 3262 536 3346 obligatione
556 3281 615 3347 qua
636 3263 780 3328 tenentur
804 3260 946 3338 faciendi,
971 3260 1027 3325 snb
1047 3259 1215 3326 directione
1229 3258 1385 3326 Ordiuarii

146 3383 199 3446 pro
219 3367 363 3448 tempore,
387 3366 466 3450 quod
488 3367 631 3449 poterunt
653 3384 706 3449 pro
728 3383 887 3430 sennarum
911 3363 1033 3430 aedium
1052 3367 1084 3429 et
1107 3364 1292 3447 templomm
1312 3382 1384 3429 coo·

145 3468 333 3548 servatione,
362 3472 393 3536 et
424 3489 470 3535 res
493 3489 596 3536 sacras
621 3489 776 3554 nunquam
800 3469 831 3534 in
852 3487 925 3534 usus
949 3469 1091 3552 profanos
1113 3467 1308 3534 convertendi
1331 3487 1385 3532 seu

145 3573 332 3656 deputandi,
362 3574 453 3658 idque
476 3575 589 3640 debitis
613 3573 712 3639 modis
735 3573 914 3640 notificandi
937 3572 1001 3638 suis
1025 3572 1186 3638 heredibus
1209 3573 1240 3636 et
1263 3590 1383 3637 succes·

145 3676 277 3742 sonibus.

248 3783 276 3845 6.
303 3819 340 3829 -
366 3782 494 3847 Nullum
519 3782 737 3848 documentum
761 3783 902 3865 peractae
925 3779 1138 3864 compositioni
1163 3778 1295 3863 cuipiam
1319 3781 1384 3845 tra·

145 3883 254 3962 datur;
284 3885 363 3969 qnod
388 3885 413 3950 si
437 3884 514 3950 illud
538 3886 659 3951 omnino
680 3884 838 3971 exigatur,
872 3885 1037 3967 Episcopus
1067 3903 1119 3968 per
1147 3903 1181 3948 se
1210 3883 1250 3948 iis
1277 3883 1329 3967 qui
1353 3901 1384 3949 ee

145 3994 395 4072 composuemnt,
419 3991 532 4073 poterit
555 3989 730 4072 inscriptis
751 3988 781 4052 id
805 3989 926 4054 motum
950 3988 1107 4053 declarare
1128 4006 1178 4053 eos
1201 3987 1283 4054 omni
1307 3987 1384 4052 obli·

145 4092 270 4176 gatione
292 4095 496 4161 conscientiae
519 4113 593 4178 erga
610 4093 780 4160 Ecclesiam
797 4093 916 4158 ratione
933 4091 1106 4171 fundorum,
1130 4110 1290 4170 canonum,
1313 4093 1383 4171 etc,

145 4201 215 4274 ete,
236 4199 391 4281 exemptos
414 4199 446 4263 et
468 4199 584 4264 solutos
608 4217 683 4262 esse.

249 4301 277 4365 7.
302 4337 339 4349 -
363 4301 423 4367 Per
445 4301 502 4368 bas
523 4302 647 4368 litteras
668 4301 766 4367 eidem
786 4301 950 4368 Ordinario
974 4301 1011 4366 bt
1032 4321 1152 4385 quoqne
1172 4301 1309 4384 potestas
1327 4300 1384 4366 bae

143 4404 210 4486 ipsa
233 4405 350 4470 ratione
371 4405 549 4489 providendi
570 4407 664 4471 etiam
690 4405 753 4470 illis
775 4406 826 4488 qui
851 4405 1027 4490 hujusmodi
1045 4405 1124 4471 bona
1144 4407 1175 4470 et
1191 4405 1263 4488 jura
1279 4405 1384 4489 acqui·

142 4527 226 4586 rere,
258 4511 404 4585 rendere,
438 4511 581 4587 liberare,
614 4509 770 4575 vindicare
800 4511 832 4575 et
862 4509 1012 4596 redimere
1046 4509 1265 4593 postulabuut;
1296 4509 1328 4574 et
1357 4509 1383 4573 si

143 4615 255 4699 agatur
278 4613 314 4679 de
337 4613 473 4693 decimis,
496 4614 650 4680 subducta
670 4615 908 4699 computatione,
931 4632 1009 4697 quae
1032 4633 1124 4697 supra
1144 4631 1197 4697 pro
1214 4612 1383 4678 canonibus
