3220 4906
245 242 308 312 294
511 261 542 319 0.
563 262 621 320 Rae.
640 257 668 319 2.
687 257 754 320 Mai
771 257 846 319 1892
864 266 948 321 circu
967 276 1101 322 conarer.
1120 261 1213 321 altar.

243 436 403 502 humiliter
425 435 572 520 subjecit,
605 436 769 502 nimirum:
799 437 896 502 Juxta
929 437 1109 504 Pontificale
1140 439 1330 516 Romanum,
1364 439 1416 503 ubi
1445 439 1483 503 de

242 541 469 606 consecratione
493 540 601 605 altaris
625 543 692 606 turn
716 540 782 619 fixi,
809 542 876 605 tum
900 541 1056 624 portatilis
1079 542 1199 626 agitur,
1221 543 1355 627 quinque
1376 559 1482 608 cruces

244 647 275 710 in
303 646 389 729 parte
420 645 570 728 superiori
600 643 711 729 lapidis
741 644 807 710 oleo
837 664 923 710 sacro
952 645 1147 730 inungendae
1169 649 1251 710 sunt.
1300 645 1331 712 Si
1355 665 1426 711 crux
1450 647 1481 710 in

244 749 342 814 medio
377 749 488 833 lapidis
519 749 602 814 absit
633 767 669 814 ao
703 749 829 833 proinde
863 749 894 813 iu
927 749 1035 814 alteris
1064 751 1292 815 consecratione
1318 745 1482 816 omittatur

242 854 346 919 unctio
369 853 588 931 istiusmodo,
611 852 771 938 quaeritur
795 854 898 918 utrum
921 853 1057 919 invalida
1079 855 1122 919 sit
1142 853 1353 920 consecratio?

346 958 386 1023 ut
413 976 500 1022 sacra
529 956 636 1022 eadem
668 956 891 1042 congregatio,
927 957 965 1021 ad
998 957 1181 1024 relationem
1212 958 1399 1043 infrascripti
1426 957 1481 1023 Se·

241 1061 381 1140 croterii,
413 1061 563 1145 exquisito
594 1062 663 1126 voto
699 1060 829 1126 alterins
864 1080 898 1126 cr
931 1060 1178 1144 Apostolicorum
1210 1061 1480 1128 caeremoniarum

243 1165 422 1250 Magistris‚
456 1185 486 1231 re
515 1167 636 1230 mature
672 1183 835 1247 perpensa,
874 1165 920 1229 ita
946 1165 1101 1248 proposito
1129 1166 1224 1231 dubio
1254 1166 1480 1232 rescribendum

241 1271 369 1348 censuit,
395 1270 553 1335 videlicet:

350 1373 466 1440 Valida
489 1378 534 1438 est
555 1370 849 1460 consecraremini
870 1375 973 1439 unctio
995 1376 1030 1440 iu
1052 1374 1153 1440 ucedio
1176 1373 1300 1442 tabulae
1320 1395 1483 1458 uunquam

241 1479 340 1543 omitti
361 1478 456 1556 debet,
480 1477 622 1559 momnis
644 1496 723 1542 cruc
745 1476 859 1542 ibidem
880 1477 1004 1560 ecrdptc
1025 1498 1087 1544 nou
1109 1480 1160 1544 cii.

344 1581 446 1664 Atque
469 1582 514 1645 ita
537 1578 707 1646 declararit
728 1580 760 1644 et
778 1580 935 1664 rescripsit
960 1582 1008 1646 die
1030 1583 1060 1650 2.
1085 1582 1162 1648 Maii
1189 1582 1281 1647 1892.

646 1684 713 1768 Ocj.
738 1684 827 1750 Oard.
852 1683 1123 1766 Albici-Muscam
1147 1685 1178 1754 S.
1204 1687 1240 1752 R.
1266 1685 1299 1750 C.
1326 1685 1425 1750 Praei.

748 1788 927 1856 Vincentius
948 1789 1112 1869 Nescis,
1138 1791 1172 1854 R.
1197 1789 1229 1857 C.
1254 1789 1367 1856 Secret.

242 1965 281 2021 10.
308 1963 335 2018 S.
354 1963 383 2019 C.
400 1961 637 2034 Indulgenticrum
662 1961 696 2018 de
718 1962 801 2018 semel
819 1964 929 2018 tantum
946 1963 1076 2020 lucranda
1092 1962 1266 2032 indulgentia
1284 1962 1403 2032 plenaria
1421 1979 1482 2018 ora-

336 2051 405 2106 tioni
424 2050 530 2106 cuidem
545 2051 655 2116 adnexa,
674 2065 757 2120 quum
775 2051 898 2106 sacerdos
916 2050 994 2107 binas
1012 2050 1108 2106 minsas
1127 2049 1261 2106 celebrere
1278 2049 1384 2106 debeat.

774 2173 943 2229 Pericleneis.

342 2297 489 2363 Sacerdos
512 2297 592 2381 Aug.
620 2294 818 2372 Boudinlrou,
849 2295 991 2360 Instituti
1021 2294 1172 2362 Catholici
1198 2293 1378 2359 Parisieueis
1402 2293 1478 2358 Pro-

240 2402 345 2480 fessor,
374 2401 412 2465 ab
443 2400 501 2464 hac
529 2397 559 2464 S.
587 2398 857 2483 indulgentiarum
881 2398 1128 2483 congregatione
1155 2397 1335 2482 suppliciter
1356 2401 1482 2482 quaerit

158 2546 162 2553 -
240 2505 332 2589 hujus
355 2504 440 2568 dubii
464 2503 658 2569 solutionem.

341 2610 390 2672 An
406 2606 596 2685 Sacerdotes,
619 2606 671 2689 qui
693 2606 780 2670 binas
796 2605 908 2672 Missas
923 2607 1028 2672 eodem
1046 2607 1095 2673 die
1111 2607 1266 2672 celebrare
1281 2607 1405 2684 debent,
1430 2607 1479 2672 bis

237 2731 357 2796 quoque
379 2710 549 2794 plenariam
575 2708 804 2793 indulgentiam
825 2710 940 2775 lucrari
956 2710 1091 2790 ualeant,
1115 2730 1194 2794 quae
1212 2710 1330 2776 adnexa
1345 2713 1392 2776 est
1408 2730 1480 2775 ora-

238 2817 325 2882 tioni.
351 2816 418 2881 »lin
440 2833 506 2900 ego,
530 2835 547 2880 o
568 2815 644 2878 bone
664 2816 696 2879 et
719 2813 895 2880 dulcissime
915 2814 1001 2895 besu,
1026 2815 1103 2882 etc«
1130 2835 1196 2880 eam
1221 2817 1290 2897 post
1315 2817 1479 2898 utramque

239 2921 366 2987 Missam
390 2919 574 2986 recitando?

340 3023 371 3090 S.
394 3022 601 3110 Congregatio
627 3023 834 3108 Indulgentiis
867 3025 899 3088 et
928 3023 1089 3108 Sacrisque
1118 3023 1267 3107 [deliquiis
1290 3023 1477 3106 praeposita,

238 3129 287 3196 die
310 3129 361 3196 20.
384 3129 473 3195 Junii
496 3129 579 3195 1892
604 3129 701 3194 relato
724 3128 816 3193 dubio
840 3129 1017 3211 respondit:

342 3233 590 3302 Oommuuioeiur
612 3232 779 3299 Decretum
807 3231 901 3300 Urbis
925 3238 953 3297 ct
975 3230 1070 3298 Orbis
1092 3231 1123 3298 d.
1140 3231 1170 3296 d.
1195 3235 1225 3297 7.
1249 3230 1368 3296 Marcii
1388 3234 1477 3296 1678

238 3343 288 3425 [er
311 3361 370 3425 quo
392 3339 486 3406 semel
510 3341 632 3404 tautum
655 3339 710 3402 illa
733 3337 928 3420 indulgentia
952 3336 1087 3418 plenaria
1111 3334 1223 3401 lucrari
1247 3333 1374 3416 potest].

343 3445 456 3511 Datum
481 3445 604 3524 Itoniae,
634 3463 668 3508 eu
690 3441 861 3508 Secretaria
883 3441 1019 3525 ejusdem
1042 3439 1074 3506 S.
1098 3438 1350 3524 Congregetionis
1374 3437 1422 3502 die
1444 3439 1476 3501 et

238 3567 316 3613 anuo
340 3549 386 3614 uti
409 3567 510 3630 supra.
930 3548 966 3609 A.
990 3545 1079 3610 Curd.
1103 3545 1251 3628 Serafiui.

652 3651 674 3734 †
697 3653 735 3716 Α.
756 3650 1020 3732 Arcbiepiocopus
1044 3649 1257 3732 Nicopoliieu,
1279 3647 1409 3714 Secrine.

238 3827 277 3881 ll.
304 3827 379 3880 Decr.
398 3841 417 3878 ι.
438 3823 526 3880 Officii
544 3823 570 3878 d.
588 3823 630 3878 25.
649 3821 715 3876 Nor.
737 3822 803 3877 1885
828 3821 915 3891 quoad
941 3821 1185 3892 promulgationem
1209 3820 1317 3875 Decreti
1340 3821 1475 3875 Tametsi

764 3909 792 3962 in
811 3909 942 3964 Ameriae.

504 4021 634 4090 (Mainaer
652 4021 825 4087 ›anchona‹
845 4021 962 4077 Julilreit
983 4021 1050 4076 1892
1068 4021 1096 4076 8.
1113 4022 1147 4076 95
1167 4021 1206 4090 t).

656 4133 721 4204 (cfr.
741 4135 840 4189 Archiv
859 4135 914 4190 LV.
935 4135 983 4190 192
1001 4134 1054 4205 eq.)

339 4262 376 4324 Δ.
410 4258 604 4340 supplicatio
625 4258 739 4324 Jacobi
761 4257 911 4337 Gibboue‚
934 4257 1161 4340 urobiepiscopi
1183 4255 1438 4324 Baltimorcueis.

549 4389 731 4455 Beatissime
757 4389 860 4465 Pater,

339 4509 565 4594 Archiepiecopi
589 4511 622 4574 et
644 4509 786 4592 Episcopi
809 4509 905 4574 totius
927 4508 1091 4574 Americae
1113 4508 1381 4592 Septemtrioualis
1398 4508 1473 4574 Foe-

235 4615 369 4698 deratae,
391 4615 420 4680 in
444 4613 579 4680 Concilio
603 4612 690 4678 Pleu.
719 4613 796 4680 Bait.
822 4612 879 4681 111.
904 4613 1096 4698 congregati,
1120 4613 1201 4679 inter
1223 4614 1302 4679 aliae
1325 4631 1383 4694 res,
1409 4611 1472 4678 col-
