3220 4906
229 263 292 329 290
334 278 444 351 Conpr.
465 279 553 336 Coae.
573 282 610 336 de
627 283 745 336 unione
763 282 832 335 eccl.
852 279 971 336 Sasona.
990 297 1059 336 cunr
1077 281 1205 336 abbatie
1224 284 1290 337 ord.
1306 280 1334 336 S.
1351 280 1469 336 Bersed.
1607 291 1608 356 g

332 453 399 534 Quo
427 453 546 532 stante,
576 451 687 516 inutile
718 452 838 518 uidetur
868 454 905 520 de
936 453 1062 538 antiqno
1092 454 1183 519 huius
1210 453 1357 518 eeclesiae
1379 453 1469 516 statu

228 575 390 640 quaerere;
430 557 483 622 sed
514 557 616 641 potius
647 556 811 622 videndum
845 561 909 638 est,
945 561 1048 624 utrum
1079 559 1180 624 iustae
1210 577 1323 623 oausae
1351 555 1468 634 adsint,

229 661 341 745 quibus
363 661 460 744 possit
483 679 501 726 a
524 660 593 744 lege
615 661 773 726 consiliari
794 661 943 747 derogari,
971 666 1002 728 et
1028 663 1061 730 id
1084 663 1199 746 peragi,
1224 661 1305 746 quod
1326 661 1467 727 odiosum

230 766 263 830 et
285 784 361 849 pene
383 765 481 830 instar
498 764 698 830 alienationis
721 766 862 834 habetur.

334 887 466 952 Uniones
489 888 571 952 enirn
595 907 629 952 er
652 907 765 971 magna
787 890 820 953 et
841 889 976 954 evidenti
1000 889 1137 954 utilitate
1160 888 1227 953 fiori
1251 906 1352 971 posse,
1376 886 1469 951 obvia

230 991 368 1055 doctrina
391 992 447 1070 est,
471 1011 562 1075 quarn
578 991 736 1057 illustrare
751 1011 1011 1077 superuacaneum
1027 995 1084 1072 est,
1106 995 1137 1058 et
1154 994 1327 1058 constater
1342 1009 1407 1074 cap.
1425 992 1468 1055 33

231 1094 277 1159 De
300 1097 406 1178 praet,
430 1114 483 1161 neo
506 1114 565 1160 non
586 1114 621 1160 ex
643 1095 696 1161 oit.
721 1096 894 1162 Tridentini
918 1116 983 1181 cap.
1010 1097 1049 1162 13
1072 1116 1146 1163 sess.
1168 1097 1220 1164 24.

334 1215 478 1281 Recolere
505 1218 618 1300 pariter
645 1219 771 1294 omitto,
806 1219 887 1302 quod
914 1218 1048 1286 conditio
1069 1219 1109 1284 ad
1131 1218 1304 1303 legitimam
1326 1216 1469 1282 unionern

230 1319 401 1385 taciendam
423 1321 572 1405 requisita
596 1326 643 1386 est
666 1341 829 1388 consensus
861 1323 1006 1405 capituli,
1044 1324 1134 1406 prout
1167 1324 1255 1388 cavet
1284 1322 1388 1387 textus
1417 1339 1470 1385 er·

229 1443 353 1506 pressus
375 1425 407 1488 in
430 1423 579 1490 Clamant.
603 1425 635 1492 Si
660 1446 720 1492 una
740 1428 759 1491 2
785 1427 829 1492 De
854 1426 914 1492 reb.
938 1427 1012 1494 0001.
1037 1447 1095 1492 000
1120 1426 1212 1494 alien.

335 1546 447 1611 Verum
469 1548 544 1612 haee
567 1548 675 1632 regula
696 1547 780 1634 viget
802 1549 833 1612 in
857 1549 1020 1613 unionibus
1043 1569 1096 1632 per
1118 1548 1283 1632 Episcopus
1305 1546 1466 1622 iaciendis,

230 1650 262 1713 et
292 1669 328 1714 ne
360 1649 391 1713 in
419 1652 714 1736 omnibus'quidem
745 1653 882 1729 casibus,
915 1672 941 1718 e.
964 1672 993 1736 g.
1025 1653 1051 1717 si
1077 1653 1159 1717 adsit
1191 1652 1305 1716 alieubi
1327 1651 1471 1734 legitima
1607 1643 1608 1714 f

231 1753 418 1818 consuetudo
440 1754 556 1820 dietam
580 1757 722 1822 unionem
745 1757 811 1822 sine
835 1756 982 1841 requisito
1004 1756 1133 1840 capituli
1157 1776 1304 1823 aonsensu
1327 1754 1470 1830 faciendi,

231 1859 321 1940 prout
343 1857 438 1923 tradit
461 1860 596 1924 Ferraris
612 1881 639 1928 v.
658 1861 734 1926 Unio
751 1881 779 1928 n.
796 1862 837 1926 39
854 1881 956 1945 sequ:
979 1862 1115 1945 adeoque
1138 1881 1195 1926 non
1223 1860 1345 1926 videtur
1364 1859 1470 1942 urgeri

230 1981 320 2045 posse
343 1963 376 2027 in
399 1963 555 2042 themate;
580 1965 653 2049 quia
675 1967 779 2050 agitur
803 1967 838 2030 de
859 1967 968 2031 unione
987 1965 1195 2050 privilegiata,
1218 1984 1297 2048 quae
1313 1983 1331 2029 a
1345 1963 1376 2030 S.
1393 1963 1470 2029 Sede
1607 1995 1608 2038 3

232 2067 320 2132 unios
343 2067 410 2133 lieri
432 2070 543 2153 potest.

336 2189 445 2255 Totius
468 2193 635 2256 nenessitas
658 2192 846 2258 cathedralis
862 2190 991 2275 capituli
1006 2190 1217 2276 interrogandi
1235 2190 1337 2274 posset
1352 2189 1472 2255 desumi

233 2313 268 2357 er
289 2293 351 2360 alio
375 2294 547 2360 Tridentini
571 2297 672 2380 eapite
694 2315 768 2362 sess.
786 2297 804 2362 7
829 2297 865 2361 de
885 2297 1007 2362 relorm.
1032 2315 1098 2378 cap.
1116 2296 1146 2374 6,
1170 2295 1224 2359 nbi
1243 2295 1370 2360 sautum
1393 2293 1472 2376 legi·

233 2401 285 2462 tur
306 2399 433 2464 uniones
460 2399 575 2464 viribus
603 2419 722 2480 carere,
756 2400 835 2466 »nisi
858 2419 910 2466 eas
933 2419 968 2465 er
990 2399 1140 2483 legitimis
1163 2399 1265 2464 nausis
1287 2417 1389 2464 coram
1412 2397 1471 2461 loni
1607 2473 1608 2480 ἵ

234 2501 413 2582 Ordinatio,
445 2503 561 2569 voeatis
588 2523 717 2586 quorum
739 2503 886 2583 interest,
918 2503 1129 2580 purificandis,
1162 2503 1261 2568 laetas
1284 2502 1378 2566 fuisse
1400 2519 1471 2564 nou-

234 2606 379 2672 stiterit.‹
428 2607 523 2690 Atqui
546 2607 681 2672 dubitari
705 2609 823 2691 posset,
856 2628 928 2674 nurn
955 2607 1085 2692 capituli
1116 2608 1149 2672 in
1176 2607 1315 2672 themate
1338 2605 1471 2682 intersit,

234 2709 393 2793 antiquam
416 2711 495 2776 hano
518 2711 727 2777 cathedralem
749 2713 911 2778 eeclesiam
936 2712 1121 2778 monasterio
1144 2711 1235 2778 uniri.

339 2833 381 2896 At
404 2851 474 2898 vero
497 2852 567 2898 onrn
590 2834 676 2900 sedes
698 2836 851 2901 translata
874 2837 924 2914 sit,
949 2836 980 2901 et
1002 2834 1132 2900 ecclesia
1154 2831 1184 2902 S.
1208 2832 1318 2899 Jaoobi
1340 2833 1373 2896 in
1398 2832 1472 2896 sirn-

235 2936 346 3017 plioem
380 2937 587 3020 parochialem
622 2937 746 3005 redaota
777 2941 965 3024 reperiatur,
1000 2939 1082 3005 aredi
1121 2937 1330 3003 verisimiliter
1362 2937 1472 3019 potest,

236 3040 353 3104 nullum
378 3041 511 3124 speciale
534 3042 681 3108 interesse
704 3063 783 3128 erga·
800 3045 898 3129 ipsam
921 3043 1093 3127 capitulum
1117 3059 1203 3125 posse
1228 3041 1370 3124 prolerre.

340 3162 433 3229 Hisce
456 3165 612 3248 perpensis
638 3167 827 3250 propositum
850 3166 910 3231 luit
930 3164 1119 3232 diluendum.

547 3287 696 3354 Dubium.

340 3408 388 3471 An
411 3408 509 3491 petita
531 3411 602 3474 unio
626 3412 750 3478 consedi
773 3411 870 3494 possit
892 3410 923 3474 in
947 3427 1030 3475 nasu.
1064 3408 1232 3474 Resolutio.
1264 3407 1360 3472 Saena
1382 3405 1415 3470 C.
1440 3405 1473 3468 G.

236 3511 395 3594 recognita
416 3513 473 3577 sub
496 3513 546 3579 die
569 3517 617 3580 15.
641 3515 831 3598 Septembris
856 3514 937 3580 1888
962 3513 1081 3579 sensuit
1103 3511 1302 3595 respondere:
1327 3509 1475 3575 Affirma-

235 3614 308 3694 tivs‚
331 3615 414 3681 laeto
437 3618 528 3683 verbo
551 3639 620 3684 oum
642 3618 746 3687 SSmo.

340 3739 384 3804 Er
407 3739 519 3822 quibus
541 3740 680 3824 colliges.
708 3742 733 3806 Ι.
758 3741 825 3806 Etsi
842 3741 1058 3806 beneficiorum
1074 3759 1129 3806 seu
1144 3737 1264 3821 piarum
1281 3735 1473 3802 sudationum

238 3842 363 3908 uniones
395 3845 428 3908 in
460 3846 527 3910 iure
561 3847 697 3927 reputari
732 3847 852 3912 soleant
881 3847 1021 3922 odiosae,
1055 3845 1127 3927 quia
1160 3842 1345 3906 immutatur
1375 3841 1476 3903 status
1607 3889 1608 3898 ,

237 3947 413 4012 eorumdem
436 3948 668 4028 beneficiorum,
698 3951 920 4016 subvertuntur
943 3949 1139 4014 fundatorum
1162 3945 1393 4028 dispositiones,
1418 3944 1476 4006 im-

239 4052 419 4116 minuuntur
440 4070 528 4117 saara
551 4054 754 4136 patrimonia,
786 4057 890 4120 tamen
921 4055 947 4119 si
976 4053 1060 4118 adsit
1090 4051 1255 4116 nenessitas
1275 4049 1331 4112 aut
1353 4047 1477 4112 euidens

238 4155 369 4235 utilitas,
394 4158 570 4239 Apostolioa
587 4158 680 4224 Sedes
702 4159 865 4244 indulgere
887 4160 974 4238 solet,
998 4160 1034 4221 ut
1051 4154 1224 4220 huiusmodi
1244 4153 1369 4218 uniones
1387 4151 1477 4216 fiunt.

341 4280 382 4347 11.
408 4279 518 4345 Unioui
540 4281 573 4345 in
596 4281 734 4346 themate
757 4282 860 4346 favere
884 4279 1055 4344 utilitatem
1078 4276 1233 4342 aniesiae
1255 4275 1287 4340 et
1308 4272 1474 4357 quamdam
1607 4339 1608 4376 ᾧ

238 4385 452 4451 nenessitatem
475 4405 510 4451 er
530 4387 658 4469 penuria
680 4384 880 4450 Sacerdotum
904 4382 1115 4450 saecularium
1136 4383 1253 4458 ortam,
1275 4397 1337 4462 qua
1357 4376 1478 4442 laborat

241 4491 394 4558 Dioanesis
413 4490 479 4572 illa,
504 4491 652 4575 Episcopo
672 4490 816 4556 testante.
