<?xml version="1.0" encoding="UTF-8"?>
<!DOCTYPE html PUBLIC "-//W3C//DTD XHTML 1.0 Transitional//EN"
    "http://www.w3.org/TR/xhtml1/DTD/xhtml1-transitional.dtd">
<html xmlns="http://www.w3.org/1999/xhtml" xml:lang="en" lang="en">
 <head>
  <title>
</title>
<meta http-equiv="Content-Type" content="text/html;charset=utf-8" />
  <meta name='ocr-system' content='tesseract 3.04.00' />
  <meta name='ocr-capabilities' content='ocr_page ocr_carea ocr_par ocr_line ocrx_word'/>
</head>
<body>
  <div class='ocr_page' id='page_1' title='image "./archivfrkatholi14unkngoog/archivfrkatholi14unkngoog_0186.png"; bbox 0 0 3268 4894; ppageno 0'>
   <div class='ocr_carea' id='block_1_1' title="bbox 281 255 1395 343">
    <p class='ocr_par' dir='ltr' id='par_1_1' title="bbox 281 255 1395 343">
     <span class='ocr_line' id='line_1_1' title="bbox 281 255 1395 343; baseline -0.005 -16"><span class='ocrx_word' id='word_1_1' title='bbox 281 271 372 330; x_wconf 76' lang='lat' dir='ltr'><strong>roeo.</strong></span> <span class='ocrx_word' id='word_1_2' title='bbox 391 289 441 343; x_wconf 77' lang='lat' dir='ltr'><strong>ap.</strong></span> <span class='ocrx_word' id='word_1_3' title='bbox 460 273 489 329; x_wconf 82' lang='grc'><strong>1.</strong></span> <span class='ocrx_word' id='word_1_4' title='bbox 507 273 552 328; x_wconf 84' lang='lat' dir='ltr'><strong>u.</strong></span> <span class='ocrx_word' id='word_1_5' title='bbox 570 273 645 330; x_wconf 73' lang='lat' dir='ltr'><strong>ren.</strong></span> <span class='ocrx_word' id='word_1_6' title='bbox 662 272 735 328; x_wconf 88' lang='lat' dir='ltr'><strong>reor</strong></span> <span class='ocrx_word' id='word_1_7' title='bbox 753 273 790 328; x_wconf 76' lang='lat' dir='ltr'><strong>ue</strong></span> <span class='ocrx_word' id='word_1_8' title='bbox 808 287 873 329; x_wconf 72' lang='lat' dir='ltr'><strong>aon</strong></span> <span class='ocrx_word' id='word_1_9' title='bbox 891 273 1023 342; x_wconf 72' lang='lat' dir='ltr'><strong>peoora</strong></span> <span class='ocrx_word' id='word_1_10' title='bbox 1041 273 1153 329; x_wconf 69' lang='lat' dir='ltr'><strong>creec.</strong></span> <span class='ocrx_word' id='word_1_11' title='bbox 1173 273 1268 329; x_wconf 75' lang='lat' dir='ltr'><strong>evera.</strong></span> <span class='ocrx_word' id='word_1_12' title='bbox 1335 255 1395 324; x_wconf 86' lang='lat'><strong>181</strong></span> 
     </span>
    </p>
   </div>
   <div class='ocr_carea' id='block_1_2' title="bbox 156 443 1398 2070">
    <p class='ocr_par' dir='ltr' id='par_1_2' title="bbox 156 443 1397 1048">
     <span class='ocr_line' id='line_1_2' title="bbox 157 443 1396 527; baseline 0.002 -19"><span class='ocrx_word' id='word_1_13' title='bbox 157 444 189 508; x_wconf 91' lang='lat' dir='ltr'><strong>in</strong></span> <span class='ocrx_word' id='word_1_14' title='bbox 212 443 333 522; x_wconf 87' lang='lat' dir='ltr'><strong>Gallia,</strong></span> <span class='ocrx_word' id='word_1_15' title='bbox 366 444 489 527; x_wconf 88' lang='lat' dir='ltr'><strong>jamque</strong></span> <span class='ocrx_word' id='word_1_16' title='bbox 513 443 633 527; x_wconf 83' lang='lat' dir='ltr'><strong>J‘udices</strong></span> <span class='ocrx_word' id='word_1_17' title='bbox 656 443 762 509; x_wconf 88' lang='lat' dir='ltr'><strong>civiles</strong></span> <span class='ocrx_word' id='word_1_18' title='bbox 785 443 1023 527; x_wconf 73' lang='lat' dir='ltr'><strong>pronuntiarunt</strong></span> <span class='ocrx_word' id='word_1_19' title='bbox 1047 444 1146 512; x_wconf 87' lang='lat' dir='ltr'><strong>locum</strong></span> <span class='ocrx_word' id='word_1_20' title='bbox 1170 462 1236 510; x_wconf 90' lang='lat' dir='ltr'><strong>esse</strong></span> <span class='ocrx_word' id='word_1_21' title='bbox 1256 444 1396 512; x_wconf 86' lang='lat' dir='ltr'><strong>diuortio.</strong></span> 
     </span>
     <span class='ocr_line' id='line_1_3' title="bbox 157 547 1397 632; baseline -0.002 -16"><span class='ocrx_word' id='word_1_22' title='bbox 157 547 275 630; x_wconf 85' lang='lat' dir='ltr'><strong>Conjux</strong></span> <span class='ocrx_word' id='word_1_23' title='bbox 298 549 416 624; x_wconf 85' lang='lat' dir='ltr'><strong>N...,</strong></span> <span class='ocrx_word' id='word_1_24' title='bbox 441 551 475 614; x_wconf 86' lang='lat' dir='ltr'><strong>ut</strong></span> <span class='ocrx_word' id='word_1_25' title='bbox 499 549 558 612; x_wconf 81' lang='lat' dir='ltr'><strong>tert</strong></span> <span class='ocrx_word' id='word_1_26' title='bbox 581 552 639 614; x_wconf 88' lang='lat' dir='ltr'><strong>art.</strong></span> <span class='ocrx_word' id='word_1_27' title='bbox 663 548 726 614; x_wconf 81' lang='grc'><strong>264</strong></span> <span class='ocrx_word' id='word_1_28' title='bbox 750 548 829 632; x_wconf 83' lang='lat' dir='ltr'><strong>legis</strong></span> <span class='ocrx_word' id='word_1_29' title='bbox 850 547 1043 632; x_wconf 86' lang='lat' dir='ltr'><strong>praedictae,</strong></span> <span class='ocrx_word' id='word_1_30' title='bbox 1067 567 1135 614; x_wconf 85' lang='lat' dir='ltr'><strong>mor</strong></span> <span class='ocrx_word' id='word_1_31' title='bbox 1158 567 1190 612; x_wconf 91' lang='lat' dir='ltr'><strong>se</strong></span> <span class='ocrx_word' id='word_1_32' title='bbox 1213 548 1303 614; x_wconf 85' lang='lat' dir='ltr'><strong>sistet</strong></span> <span class='ocrx_word' id='word_1_33' title='bbox 1325 569 1397 614; x_wconf 91' lang='lat' dir='ltr'><strong>eum</strong></span> 
     </span>
     <span class='ocr_line' id='line_1_4' title="bbox 157 649 1393 736; baseline 0.001 -18"><span class='ocrx_word' id='word_1_34' title='bbox 157 652 218 718; x_wconf 88' lang='lat' dir='ltr'><strong>alio</strong></span> <span class='ocrx_word' id='word_1_35' title='bbox 240 650 369 736; x_wconf 83' lang='lat' dir='ltr'><strong>conjuge</strong></span> <span class='ocrx_word' id='word_1_36' title='bbox 392 671 493 718; x_wconf 88' lang='lat' dir='ltr'><strong>eoram</strong></span> <span class='ocrx_word' id='word_1_37' title='bbox 514 649 657 736; x_wconf 75' lang='lat' dir='ltr'><strong>syndico,</strong></span> <span class='ocrx_word' id='word_1_38' title='bbox 680 652 790 718; x_wconf 88' lang='lat' dir='ltr'><strong>utillo</strong></span> <span class='ocrx_word' id='word_1_39' title='bbox 813 653 991 735; x_wconf 75' lang='lat' dir='ltr'><strong>pronuntiet</strong></span> <span class='ocrx_word' id='word_1_40' title='bbox 1014 651 1191 719; x_wconf 86' lang='lat' dir='ltr'><strong>divortium.</strong></span> <span class='ocrx_word' id='word_1_41' title='bbox 1232 651 1265 718; x_wconf 87' lang='lat' dir='ltr'><strong>Si</strong></span> <span class='ocrx_word' id='word_1_42' title='bbox 1289 653 1393 718; x_wconf 87' lang='lat' dir='ltr'><strong>autern</strong></span> 
     </span>
     <span class='ocr_line' id='line_1_5' title="bbox 156 754 1397 840; baseline 0.002 -20"><span class='ocrx_word' id='word_1_43' title='bbox 156 754 308 840; x_wconf 78' lang='lat' dir='ltr'><strong>Syndicus</strong></span> <span class='ocrx_word' id='word_1_44' title='bbox 323 756 520 838; x_wconf 88' lang='lat' dir='ltr'><strong>pronuntiare</strong></span> <span class='ocrx_word' id='word_1_45' title='bbox 540 755 735 834; x_wconf 78' lang='lat' dir='ltr'><strong>recusaverit,</strong></span> <span class='ocrx_word' id='word_1_46' title='bbox 759 756 874 840; x_wconf 88' lang='lat' dir='ltr'><strong>absque</strong></span> <span class='ocrx_word' id='word_1_47' title='bbox 890 756 983 822; x_wconf 92' lang='lat' dir='ltr'><strong>dubio</strong></span> <span class='ocrx_word' id='word_1_48' title='bbox 999 755 1186 840; x_wconf 84' lang='lat' dir='ltr'><strong>magistratu</strong></span> <span class='ocrx_word' id='word_1_49' title='bbox 1202 755 1397 839; x_wconf 84' lang='lat' dir='ltr'><strong>spoliabitur,</strong></span> 
     </span>
     <span class='ocr_line' id='line_1_6' title="bbox 157 859 1395 944; baseline 0.001 -20"><span class='ocrx_word' id='word_1_50' title='bbox 157 859 236 942; x_wconf 90' lang='lat' dir='ltr'><strong>quod</strong></span> <span class='ocrx_word' id='word_1_51' title='bbox 262 859 351 925; x_wconf 82' lang='lat' dir='ltr'><strong>ualde</strong></span> <span class='ocrx_word' id='word_1_52' title='bbox 373 859 577 943; x_wconf 85' lang='lat' dir='ltr'><strong>periculosum</strong></span> <span class='ocrx_word' id='word_1_53' title='bbox 592 859 652 924; x_wconf 92' lang='lat' dir='ltr'><strong>erit</strong></span> <span class='ocrx_word' id='word_1_54' title='bbox 667 860 709 926; x_wconf 90' lang='lat' dir='ltr'><strong>rei</strong></span> <span class='ocrx_word' id='word_1_55' title='bbox 726 859 906 938; x_wconf 87' lang='lat' dir='ltr'><strong>catholicae,</strong></span> <span class='ocrx_word' id='word_1_56' title='bbox 928 859 1015 944; x_wconf 76' lang='lat' dir='ltr'><strong>ouJue</strong></span> <span class='ocrx_word' id='word_1_57' title='bbox 1031 861 1190 924; x_wconf 89' lang='lat' dir='ltr'><strong>strenuum</strong></span> <span class='ocrx_word' id='word_1_58' title='bbox 1207 859 1395 927; x_wconf 87' lang='lat' dir='ltr'><strong>delensorern</strong></span> 
     </span>
     <span class='ocr_line' id='line_1_7' title="bbox 158 961 724 1048; baseline 0.007 -20"><span class='ocrx_word' id='word_1_59' title='bbox 158 961 310 1048; x_wconf 78' lang='lat' dir='ltr'><strong>Syadicus</strong></span> <span class='ocrx_word' id='word_1_60' title='bbox 333 963 386 1030; x_wconf 90' lang='lat' dir='ltr'><strong>ille</strong></span> <span class='ocrx_word' id='word_1_61' title='bbox 407 981 440 1029; x_wconf 92' lang='lat' dir='ltr'><strong>so</strong></span> <span class='ocrx_word' id='word_1_62' title='bbox 463 984 582 1048; x_wconf 88' lang='lat' dir='ltr'><strong>semper</strong></span> <span class='ocrx_word' id='word_1_63' title='bbox 606 964 724 1047; x_wconf 81' lang='lat' dir='ltr'><strong>probel.</strong></span> 
     </span>
    </p>

    <p class='ocr_par' dir='ltr' id='par_1_3' title="bbox 158 1066 1397 1342">
     <span class='ocr_line' id='line_1_8' title="bbox 261 1066 1397 1153; baseline 0.002 -21"><span class='ocrx_word' id='word_1_64' title='bbox 261 1066 427 1148; x_wconf 71' lang='lat' dir='ltr'><strong>Quaeritur</strong></span> <span class='ocrx_word' id='word_1_65' title='bbox 450 1089 504 1144; x_wconf 80' lang='lat' dir='ltr'><strong>arr,</strong></span> <span class='ocrx_word' id='word_1_66' title='bbox 533 1071 655 1152; x_wconf 78' lang='lat' dir='ltr'><strong>proptor</strong></span> <span class='ocrx_word' id='word_1_67' title='bbox 677 1067 879 1153; x_wconf 81' lang='lat' dir='ltr'><strong>grauissimas</strong></span> <span class='ocrx_word' id='word_1_68' title='bbox 902 1068 1153 1134; x_wconf 81' lang='lat' dir='ltr'><strong>circumstantias</strong></span> <span class='ocrx_word' id='word_1_69' title='bbox 1177 1087 1295 1143; x_wconf 88' lang='lat' dir='ltr'><strong>rerum,</strong></span> <span class='ocrx_word' id='word_1_70' title='bbox 1318 1068 1397 1134; x_wconf 87' lang='lat' dir='ltr'><strong>tern-</strong></span> 
     </span>
     <span class='ocr_line' id='line_1_9' title="bbox 158 1170 1395 1257; baseline 0.002 -21"><span class='ocrx_word' id='word_1_71' title='bbox 158 1189 264 1253; x_wconf 90' lang='lat' dir='ltr'><strong>porum</strong></span> <span class='ocrx_word' id='word_1_72' title='bbox 289 1191 326 1237; x_wconf 85' lang='lat' dir='ltr'><strong>ac</strong></span> <span class='ocrx_word' id='word_1_73' title='bbox 348 1170 493 1250; x_wconf 85' lang='lat' dir='ltr'><strong>locorum,</strong></span> <span class='ocrx_word' id='word_1_74' title='bbox 521 1172 574 1238; x_wconf 92' lang='lat' dir='ltr'><strong>ille</strong></span> <span class='ocrx_word' id='word_1_75' title='bbox 595 1172 745 1257; x_wconf 82' lang='lat' dir='ltr'><strong>Syndieus</strong></span> <span class='ocrx_word' id='word_1_76' title='bbox 769 1173 864 1256; x_wconf 88' lang='lat' dir='ltr'><strong>possit</strong></span> <span class='ocrx_word' id='word_1_77' title='bbox 888 1173 1084 1256; x_wconf 86' lang='lat' dir='ltr'><strong>pronuntiare</strong></span> <span class='ocrx_word' id='word_1_78' title='bbox 1108 1172 1272 1240; x_wconf 85' lang='lat' dir='ltr'><strong>diuortium</strong></span> <span class='ocrx_word' id='word_1_79' title='bbox 1296 1171 1395 1249; x_wconf 88' lang='lat' dir='ltr'><strong>civile,</strong></span> 
     </span>
     <span class='ocr_line' id='line_1_10' title="bbox 161 1274 268 1342; baseline 0.037 -4"><span class='ocrx_word' id='word_1_80' title='bbox 161 1274 268 1342; x_wconf 89' lang='lat' dir='ltr'><strong>modo:</strong></span> 
     </span>
    </p>

    <p class='ocr_par' dir='ltr' id='par_1_4' title="bbox 156 1379 1397 1662">
     <span class='ocr_line' id='line_1_11' title="bbox 265 1379 1393 1464; baseline -0.001 -22"><span class='ocrx_word' id='word_1_81' title='bbox 265 1381 296 1442; x_wconf 83' lang='lat'><strong>1⁰</strong></span> <span class='ocrx_word' id='word_1_82' title='bbox 319 1379 512 1448; x_wconf 76' lang='lat' dir='ltr'><strong>catholicam</strong></span> <span class='ocrx_word' id='word_1_83' title='bbox 536 1380 709 1446; x_wconf 85' lang='lat' dir='ltr'><strong>doctrinam</strong></span> <span class='ocrx_word' id='word_1_84' title='bbox 739 1380 777 1446; x_wconf 90' lang='lat' dir='ltr'><strong>de</strong></span> <span class='ocrx_word' id='word_1_85' title='bbox 797 1381 996 1446; x_wconf 87' lang='lat' dir='ltr'><strong>Matrimonio</strong></span> <span class='ocrx_word' id='word_1_86' title='bbox 1026 1380 1123 1464; x_wconf 82' lang='lat' dir='ltr'><strong>dequo</strong></span> <span class='ocrx_word' id='word_1_87' title='bbox 1154 1381 1255 1448; x_wconf 85' lang='lat' dir='ltr'><strong>causis</strong></span> <span class='ocrx_word' id='word_1_88' title='bbox 1286 1380 1393 1444; x_wconf 89' lang='lat' dir='ltr'><strong>matri-</strong></span> 
     </span>
     <span class='ocr_line' id='line_1_12' title="bbox 156 1482 1397 1569; baseline 0.003 -23"><span class='ocrx_word' id='word_1_89' title='bbox 156 1482 343 1548; x_wconf 83' lang='lat' dir='ltr'><strong>monialibus</strong></span> <span class='ocrx_word' id='word_1_90' title='bbox 371 1482 411 1550; x_wconf 89' lang='lat' dir='ltr'><strong>ad</strong></span> <span class='ocrx_word' id='word_1_91' title='bbox 442 1484 522 1550; x_wconf 88' lang='lat' dir='ltr'><strong>solos</strong></span> <span class='ocrx_word' id='word_1_92' title='bbox 549 1484 673 1569; x_wconf 86' lang='lat' dir='ltr'><strong>judices</strong></span> <span class='ocrx_word' id='word_1_93' title='bbox 700 1484 923 1552; x_wconf 84' lang='lat' dir='ltr'><strong>ecclesiasticos</strong></span> <span class='ocrx_word' id='word_1_94' title='bbox 954 1484 1178 1569; x_wconf 86' lang='lat' dir='ltr'><strong>pertinentibus</strong></span> <span class='ocrx_word' id='word_1_95' title='bbox 1201 1484 1303 1568; x_wconf 87' lang='lat' dir='ltr'><strong>pelam</strong></span> <span class='ocrx_word' id='word_1_96' title='bbox 1329 1501 1397 1567; x_wconf 90' lang='lat' dir='ltr'><strong>pro·</strong></span> 
     </span>
     <span class='ocr_line' id='line_1_13' title="bbox 158 1584 300 1662; baseline -0.007 -13"><span class='ocrx_word' id='word_1_97' title='bbox 158 1584 300 1662; x_wconf 58' lang='lat' dir='ltr'><strong>bicatum</strong></span> 
     </span>
    </p>

    <p class='ocr_par' dir='ltr' id='par_1_5' title="bbox 156 1689 1398 2070">
     <span class='ocr_line' id='line_1_14' title="bbox 261 1689 1397 1780; baseline 0.001 -27"><span class='ocrx_word' id='word_1_98' title='bbox 261 1694 296 1753; x_wconf 87' lang='lat'><strong>2⁰</strong></span> <span class='ocrx_word' id='word_1_99' title='bbox 322 1691 358 1756; x_wconf 92' lang='lat' dir='ltr'><strong>ln</strong></span> <span class='ocrx_word' id='word_1_100' title='bbox 386 1691 454 1774; x_wconf 86' lang='lat' dir='ltr'><strong>ipsa</strong></span> <span class='ocrx_word' id='word_1_101' title='bbox 474 1691 644 1769; x_wconf 86' lang='lat' dir='ltr'><strong>sententia,</strong></span> <span class='ocrx_word' id='word_1_102' title='bbox 677 1695 709 1756; x_wconf 91' lang='lat' dir='ltr'><strong>et</strong></span> <span class='ocrx_word' id='word_1_103' title='bbox 732 1694 879 1780; x_wconf 88' lang='lat' dir='ltr'><strong>tanquam</strong></span> <span class='ocrx_word' id='word_1_104' title='bbox 904 1692 1105 1776; x_wconf 78' lang='lat' dir='ltr'><strong>magistratus</strong></span> <span class='ocrx_word' id='word_1_105' title='bbox 1129 1694 1254 1775; x_wconf 88' lang='lat' dir='ltr'><strong>loquens</strong></span> <span class='ocrx_word' id='word_1_106' title='bbox 1276 1689 1397 1773; x_wconf 90' lang='lat' dir='ltr'><strong>publice</strong></span> 
     </span>
     <span class='ocr_line' id='line_1_15' title="bbox 156 1793 1397 1881; baseline -0.002 -22"><span class='ocrx_word' id='word_1_107' title='bbox 156 1793 294 1860; x_wconf 79' lang='lat' dir='ltr'><strong>declaret</strong></span> <span class='ocrx_word' id='word_1_108' title='bbox 317 1814 349 1860; x_wconf 89' lang='lat' dir='ltr'><strong>se</strong></span> <span class='ocrx_word' id='word_1_109' title='bbox 373 1794 453 1862; x_wconf 92' lang='lat' dir='ltr'><strong>solos</strong></span> <span class='ocrx_word' id='word_1_110' title='bbox 477 1795 605 1862; x_wconf 81' lang='lat' dir='ltr'><strong>effectus</strong></span> <span class='ocrx_word' id='word_1_111' title='bbox 627 1795 732 1861; x_wconf 87' lang='lat' dir='ltr'><strong>ciuiles</strong></span> <span class='ocrx_word' id='word_1_112' title='bbox 748 1797 908 1881; x_wconf 88' lang='lat' dir='ltr'><strong>solumque</strong></span> <span class='ocrx_word' id='word_1_113' title='bbox 923 1795 1044 1860; x_wconf 86' lang='lat' dir='ltr'><strong>ciuilem</strong></span> <span class='ocrx_word' id='word_1_114' title='bbox 1061 1796 1253 1860; x_wconf 84' lang='lat' dir='ltr'><strong>contractum</strong></span> <span class='ocrx_word' id='word_1_115' title='bbox 1271 1793 1397 1858; x_wconf 86' lang='lat' dir='ltr'><strong>abrum-</strong></span> 
     </span>
     <span class='ocr_line' id='line_1_16' title="bbox 157 1897 1398 1980; baseline 0 -18"><span class='ocrx_word' id='word_1_116' title='bbox 157 1917 228 1980; x_wconf 90' lang='lat' dir='ltr'><strong>pere</strong></span> <span class='ocrx_word' id='word_1_117' title='bbox 252 1897 344 1976; x_wconf 84' lang='lat' dir='ltr'><strong>velle,</strong></span> <span class='ocrx_word' id='word_1_118' title='bbox 376 1898 500 1965; x_wconf 87' lang='lat' dir='ltr'><strong>aliunde</strong></span> <span class='ocrx_word' id='word_1_119' title='bbox 531 1898 685 1966; x_wconf 87' lang='lat' dir='ltr'><strong>vinculum</strong></span> <span class='ocrx_word' id='word_1_120' title='bbox 718 1899 905 1966; x_wconf 87' lang='lat' dir='ltr'><strong>matrimonii</strong></span> <span class='ocrx_word' id='word_1_121' title='bbox 936 1898 1059 1964; x_wconf 89' lang='lat' dir='ltr'><strong>omnino</strong></span> <span class='ocrx_word' id='word_1_122' title='bbox 1091 1897 1212 1964; x_wconf 88' lang='lat' dir='ltr'><strong>firmum</strong></span> <span class='ocrx_word' id='word_1_123' title='bbox 1242 1916 1398 1965; x_wconf 84' lang='lat' dir='ltr'><strong>remanere</strong></span> 
     </span>
     <span class='ocr_line' id='line_1_17' title="bbox 157 2003 621 2070; baseline 0.006 -3"><span class='ocrx_word' id='word_1_124' title='bbox 157 2021 259 2067; x_wconf 86' lang='lat' dir='ltr'><strong>coram</strong></span> <span class='ocrx_word' id='word_1_125' title='bbox 284 2003 348 2068; x_wconf 87' lang='lat' dir='ltr'><strong>Deo</strong></span> <span class='ocrx_word' id='word_1_126' title='bbox 370 2006 403 2069; x_wconf 90' lang='lat' dir='ltr'><strong>et</strong></span> <span class='ocrx_word' id='word_1_127' title='bbox 423 2004 621 2070; x_wconf 87' lang='lat' dir='ltr'><strong>conscientia.</strong></span> 
     </span>
    </p>
   </div>
   <div class='ocr_carea' id='block_1_3' title="bbox 155 2133 1399 3063">
    <p class='ocr_par' dir='ltr' id='par_1_6' title="bbox 370 2133 647 2214">
     <span class='ocr_line' id='line_1_18' title="bbox 370 2133 647 2214; baseline 0.007 -16"><span class='ocrx_word' id='word_1_128' title='bbox 370 2133 404 2198; x_wconf 87' lang='lat' dir='ltr'><strong>B.</strong></span> <span class='ocrx_word' id='word_1_129' title='bbox 439 2134 647 2214; x_wconf 78' lang='lat' dir='ltr'><strong>Responsura.</strong></span> 
     </span>
    </p>

    <p class='ocr_par' dir='ltr' id='par_1_7' title="bbox 155 2250 1399 2960">
     <span class='ocr_line' id='line_1_19' title="bbox 260 2250 1397 2337; baseline -0.005 -17"><span class='ocrx_word' id='word_1_130' title='bbox 260 2253 356 2320; x_wconf 87' lang='lat' dir='ltr'><strong>Sacra</strong></span> <span class='ocrx_word' id='word_1_131' title='bbox 381 2253 622 2320; x_wconf 83' lang='lat' dir='ltr'><strong>Poenitentiaria</strong></span> <span class='ocrx_word' id='word_1_132' title='bbox 647 2255 720 2320; x_wconf 86' lang='lat' dir='ltr'><strong>Ven.</strong></span> <span class='ocrx_word' id='word_1_133' title='bbox 745 2255 775 2318; x_wconf 91' lang='lat' dir='ltr'><strong>iu</strong></span> <span class='ocrx_word' id='word_1_134' title='bbox 802 2253 855 2319; x_wconf 76' lang='lat' dir='ltr'><strong>X¹⁰</strong></span> <span class='ocrx_word' id='word_1_135' title='bbox 885 2253 969 2318; x_wconf 85' lang='lat' dir='ltr'><strong>Patri</strong></span> <span class='ocrx_word' id='word_1_136' title='bbox 1001 2253 1149 2337; x_wconf 78' lang='lat' dir='ltr'><strong>Episcopo</strong></span> <span class='ocrx_word' id='word_1_137' title='bbox 1171 2251 1334 2318; x_wconf 85' lang='lat' dir='ltr'><strong>Lucionen.</strong></span> <span class='ocrx_word' id='word_1_138' title='bbox 1358 2250 1397 2315; x_wconf 86' lang='lat' dir='ltr'><strong>ad</strong></span> 
     </span>
     <span class='ocr_line' id='line_1_20' title="bbox 159 2354 1399 2442; baseline -0.002 -21"><span class='ocrx_word' id='word_1_139' title='bbox 159 2356 327 2440; x_wconf 86' lang='lat' dir='ltr'><strong>praemissa</strong></span> <span class='ocrx_word' id='word_1_140' title='bbox 351 2358 530 2442; x_wconf 83' lang='lat' dir='ltr'><strong>respondet,</strong></span> <span class='ocrx_word' id='word_1_141' title='bbox 561 2357 702 2423; x_wconf 87' lang='lat' dir='ltr'><strong>eumdem</strong></span> <span class='ocrx_word' id='word_1_142' title='bbox 733 2359 764 2422; x_wconf 92' lang='lat' dir='ltr'><strong>in</strong></span> <span class='ocrx_word' id='word_1_143' title='bbox 794 2357 851 2424; x_wconf 87' lang='lat' dir='ltr'><strong>boe</strong></span> <span class='ocrx_word' id='word_1_144' title='bbox 873 2377 945 2424; x_wconf 87' lang='lat' dir='ltr'><strong>casu</strong></span> <span class='ocrx_word' id='word_1_145' title='bbox 966 2357 1162 2442; x_wconf 79' lang='lat' dir='ltr'><strong>particulari,</strong></span> <span class='ocrx_word' id='word_1_146' title='bbox 1197 2357 1222 2420; x_wconf 92' lang='lat' dir='ltr'><strong>si</strong></span> <span class='ocrx_word' id='word_1_147' title='bbox 1252 2354 1399 2437; x_wconf 89' lang='lat' dir='ltr'><strong>inspectis</strong></span> 
     </span>
     <span class='ocr_line' id='line_1_21' title="bbox 157 2459 1398 2546; baseline -0.001 -22"><span class='ocrx_word' id='word_1_148' title='bbox 157 2461 300 2525; x_wconf 86' lang='lat' dir='ltr'><strong>omnibns</strong></span> <span class='ocrx_word' id='word_1_149' title='bbox 323 2461 389 2546; x_wconf 88' lang='lat' dir='ltr'><strong>ejus</strong></span> <span class='ocrx_word' id='word_1_150' title='bbox 413 2463 567 2546; x_wconf 90' lang='lat' dir='ltr'><strong>adjunctis</strong></span> <span class='ocrx_word' id='word_1_151' title='bbox 588 2463 634 2528; x_wconf 91' lang='lat' dir='ltr'><strong>ita</strong></span> <span class='ocrx_word' id='word_1_152' title='bbox 655 2462 685 2526; x_wconf 92' lang='lat' dir='ltr'><strong>in</strong></span> <span class='ocrx_word' id='word_1_153' title='bbox 712 2461 841 2527; x_wconf 86' lang='lat' dir='ltr'><strong>Donrino</strong></span> <span class='ocrx_word' id='word_1_154' title='bbox 865 2462 1005 2546; x_wconf 82' lang='lat' dir='ltr'><strong>expedire</strong></span> <span class='ocrx_word' id='word_1_155' title='bbox 1033 2461 1235 2546; x_wconf 86' lang='lat' dir='ltr'><strong>judicaverit,</strong></span> <span class='ocrx_word' id='word_1_156' title='bbox 1266 2459 1398 2524; x_wconf 88' lang='lat' dir='ltr'><strong>tolerare</strong></span> 
     </span>
     <span class='ocr_line' id='line_1_22' title="bbox 158 2562 1396 2650; baseline -0.002 -22"><span class='ocrx_word' id='word_1_157' title='bbox 158 2583 254 2648; x_wconf 90' lang='lat' dir='ltr'><strong>posse,</strong></span> <span class='ocrx_word' id='word_1_158' title='bbox 279 2569 313 2630; x_wconf 88' lang='lat' dir='ltr'><strong>ut</strong></span> <span class='ocrx_word' id='word_1_159' title='bbox 335 2566 486 2650; x_wconf 83' lang='lat' dir='ltr'><strong>Syndicus</strong></span> <span class='ocrx_word' id='word_1_160' title='bbox 509 2570 612 2631; x_wconf 88' lang='lat' dir='ltr'><strong>orator</strong></span> <span class='ocrx_word' id='word_1_161' title='bbox 633 2566 671 2630; x_wconf 90' lang='lat' dir='ltr'><strong>ad</strong></span> <span class='ocrx_word' id='word_1_162' title='bbox 695 2569 797 2631; x_wconf 86' lang='lat' dir='ltr'><strong>ectum</strong></span> <span class='ocrx_word' id='word_1_163' title='bbox 823 2567 860 2631; x_wconf 88' lang='lat' dir='ltr'><strong>de</strong></span> <span class='ocrx_word' id='word_1_164' title='bbox 881 2586 941 2649; x_wconf 93' lang='lat' dir='ltr'><strong>quo</strong></span> <span class='ocrx_word' id='word_1_165' title='bbox 960 2567 991 2630; x_wconf 90' lang='lat' dir='ltr'><strong>in</strong></span> <span class='ocrx_word' id='word_1_166' title='bbox 1008 2565 1148 2649; x_wconf 89' lang='lat' dir='ltr'><strong>precibus</strong></span> <span class='ocrx_word' id='word_1_167' title='bbox 1165 2562 1310 2647; x_wconf 89' lang='lat' dir='ltr'><strong>procedat</strong></span> <span class='ocrx_word' id='word_1_168' title='bbox 1326 2581 1396 2626; x_wconf 91' lang='lat' dir='ltr'><strong>curn</strong></span> 
     </span>
     <span class='ocr_line' id='line_1_23' title="bbox 155 2668 1395 2754; baseline -0.001 -21"><span class='ocrx_word' id='word_1_169' title='bbox 155 2668 414 2735; x_wconf 81' lang='lat' dir='ltr'><strong>declarationibus</strong></span> <span class='ocrx_word' id='word_1_170' title='bbox 442 2672 481 2734; x_wconf 87' lang='lat' dir='ltr'><strong>ab</strong></span> <span class='ocrx_word' id='word_1_171' title='bbox 503 2671 569 2752; x_wconf 91' lang='lat' dir='ltr'><strong>ipso</strong></span> <span class='ocrx_word' id='word_1_172' title='bbox 592 2671 772 2754; x_wconf 66' lang='lat' dir='ltr'><strong>propositiS,</strong></span> <span class='ocrx_word' id='word_1_173' title='bbox 798 2671 844 2734; x_wconf 90' lang='grc'><strong>111</strong></span> <span class='ocrx_word' id='word_1_174' title='bbox 865 2674 968 2734; x_wconf 83' lang='lat' dir='ltr'><strong>tamen</strong></span> <span class='ocrx_word' id='word_1_175' title='bbox 993 2675 1028 2734; x_wconf 87' lang='lat' dir='ltr'><strong>ut</strong></span> <span class='ocrx_word' id='word_1_176' title='bbox 1050 2670 1116 2734; x_wconf 91' lang='lat' dir='ltr'><strong>loco</strong></span> <span class='ocrx_word' id='word_1_177' title='bbox 1139 2669 1298 2732; x_wconf 87' lang='lat' dir='ltr'><strong>verborum</strong></span> <span class='ocrx_word' id='word_1_178' title='bbox 1326 2687 1395 2732; x_wconf 76' lang='lat' dir='ltr'><strong>»so-</strong></span> 
     </span>
     <span class='ocr_line' id='line_1_24' title="bbox 159 2769 1398 2857; baseline 0.002 -25"><span class='ocrx_word' id='word_1_179' title='bbox 159 2773 302 2855; x_wconf 81' lang='lat' dir='ltr'><strong>»lumqae</strong></span> <span class='ocrx_word' id='word_1_180' title='bbox 319 2773 442 2840; x_wconf 78' lang='grc'><strong>11111111</strong></span> <span class='ocrx_word' id='word_1_181' title='bbox 452 2780 644 2840; x_wconf 83' lang='lat' dir='ltr'><strong>contractam</strong></span> <span class='ocrx_word' id='word_1_182' title='bbox 658 2774 843 2855; x_wconf 74' lang='lat' dir='ltr'><strong>obrumpere</strong></span> <span class='ocrx_word' id='word_1_183' title='bbox 857 2773 950 2840; x_wconf 80' lang='lat' dir='ltr'><strong>velle«</strong></span> <span class='ocrx_word' id='word_1_184' title='bbox 971 2776 1064 2857; x_wconf 91' lang='lat' dir='ltr'><strong>ponat</strong></span> <span class='ocrx_word' id='word_1_185' title='bbox 1082 2773 1258 2856; x_wconf 77' lang='lat' dir='ltr'><strong>»solamque</strong></span> <span class='ocrx_word' id='word_1_186' title='bbox 1276 2769 1398 2836; x_wconf 82' lang='lat' dir='ltr'><strong>civilem</strong></span> 
     </span>
     <span class='ocr_line' id='line_1_25' title="bbox 157 2883 648 2960; baseline -0.01 -18"><span class='ocrx_word' id='word_1_187' title='bbox 157 2883 347 2942; x_wconf 80' lang='lat' dir='ltr'><strong>contractum</strong></span> <span class='ocrx_word' id='word_1_188' title='bbox 369 2883 509 2959; x_wconf 82' lang='lat' dir='ltr'><strong>spectare</strong></span> <span class='ocrx_word' id='word_1_189' title='bbox 526 2897 648 2960; x_wconf 71' lang='lat' dir='ltr'><strong>possae</strong></span> 
     </span>
    </p>

    <p class='ocr_par' dir='ltr' id='par_1_8' title="bbox 250 2978 1397 3063">
     <span class='ocr_line' id='line_1_26' title="bbox 250 2978 1397 3063; baseline -0.001 -19"><span class='ocrx_word' id='word_1_190' title='bbox 250 2981 376 3047; x_wconf 73' lang='lat' dir='ltr'><strong>&#39;Datum</strong></span> <span class='ocrx_word' id='word_1_191' title='bbox 400 2981 515 3046; x_wconf 84' lang='lat' dir='ltr'><strong>Romae</strong></span> <span class='ocrx_word' id='word_1_192' title='bbox 536 2981 568 3045; x_wconf 95' lang='lat' dir='ltr'><strong>in</strong></span> <span class='ocrx_word' id='word_1_193' title='bbox 591 2978 684 3047; x_wconf 83' lang='lat' dir='ltr'><strong>Sacra</strong></span> <span class='ocrx_word' id='word_1_194' title='bbox 708 2981 949 3048; x_wconf 85' lang='lat' dir='ltr'><strong>Poenitentiaria</strong></span> <span class='ocrx_word' id='word_1_195' title='bbox 965 2981 1013 3045; x_wconf 90' lang='lat' dir='ltr'><strong>die</strong></span> <span class='ocrx_word' id='word_1_196' title='bbox 1031 2982 1082 3047; x_wconf 84' lang='lat'><strong>24.</strong></span> <span class='ocrx_word' id='word_1_197' title='bbox 1099 2979 1283 3063; x_wconf 86' lang='lat' dir='ltr'><strong>septembris</strong></span> <span class='ocrx_word' id='word_1_198' title='bbox 1305 2978 1397 3044; x_wconf 87' lang='grc'><strong>1887.</strong></span> 
     </span>
    </p>
   </div>
   <div class='ocr_carea' id='block_1_4' title="bbox 858 3082 1294 3152">
    <p class='ocr_par' dir='ltr' id='par_1_9' title="bbox 858 3082 1294 3152">
     <span class='ocr_line' id='line_1_27' title="bbox 858 3082 1294 3152; baseline -0.009 -2"><span class='ocrx_word' id='word_1_199' title='bbox 858 3085 893 3150; x_wconf 87' lang='lat' dir='ltr'><strong>R.</strong></span> <span class='ocrx_word' id='word_1_200' title='bbox 916 3085 1006 3152; x_wconf 79' lang='lat' dir='ltr'><strong>Card.</strong></span> <span class='ocrx_word' id='word_1_201' title='bbox 1031 3085 1169 3151; x_wconf 79' lang='lat' dir='ltr'><strong>Moaaoco</strong></span> <span class='ocrx_word' id='word_1_202' title='bbox 1195 3082 1228 3148; x_wconf 89' lang='lat' dir='ltr'><strong>P.</strong></span> <span class='ocrx_word' id='word_1_203' title='bbox 1253 3082 1294 3146; x_wconf 85' lang='lat' dir='ltr'><strong>M.</strong></span> 
     </span>
    </p>
   </div>
   <div class='ocr_carea' id='block_1_5' title="bbox 428 3241 1121 3404">
    <p class='ocr_par' dir='ltr' id='par_1_10' title="bbox 428 3241 1121 3404">
     <span class='ocr_line' id='line_1_28' title="bbox 521 3241 1035 3311; baseline 0.004 -17"><span class='ocrx_word' id='word_1_204' title='bbox 521 3241 545 3294; x_wconf 87' lang='lat'><strong>4.</strong></span> <span class='ocrx_word' id='word_1_205' title='bbox 575 3241 601 3293; x_wconf 89' lang='lat' dir='ltr'><strong>S.</strong></span> <span class='ocrx_word' id='word_1_206' title='bbox 623 3241 702 3296; x_wconf 85' lang='lat' dir='ltr'><strong>Poen.</strong></span> <span class='ocrx_word' id='word_1_207' title='bbox 722 3257 764 3311; x_wconf 89' lang='lat' dir='ltr'><strong>ap.</strong></span> <span class='ocrx_word' id='word_1_208' title='bbox 785 3241 810 3296; x_wconf 93' lang='lat' dir='ltr'><strong>d.</strong></span> <span class='ocrx_word' id='word_1_209' title='bbox 830 3241 1035 3296; x_wconf 69' lang='grc'><strong>1111111191</strong></span> 
     </span>
     <span class='ocr_line' id='line_1_29' title="bbox 428 3334 1121 3404; baseline -0.003 -14"><span class='ocrx_word' id='word_1_210' title='bbox 428 3335 462 3390; x_wconf 93' lang='lat' dir='ltr'><strong>de</strong></span> <span class='ocrx_word' id='word_1_211' title='bbox 480 3352 533 3390; x_wconf 93' lang='lat' dir='ltr'><strong>non</strong></span> <span class='ocrx_word' id='word_1_212' title='bbox 551 3334 668 3404; x_wconf 90' lang='lat' dir='ltr'><strong>petendo</strong></span> <span class='ocrx_word' id='word_1_213' title='bbox 688 3335 804 3391; x_wconf 85' lang='lat' dir='ltr'><strong>divortio</strong></span> <span class='ocrx_word' id='word_1_214' title='bbox 823 3351 911 3390; x_wconf 82' lang='lat' dir='ltr'><strong>coram</strong></span> <span class='ocrx_word' id='word_1_215' title='bbox 931 3335 1018 3390; x_wconf 86' lang='lat' dir='ltr'><strong>iudice</strong></span> <span class='ocrx_word' id='word_1_216' title='bbox 1036 3334 1121 3389; x_wconf 83' lang='lat' dir='ltr'><strong>cirili.</strong></span> 
     </span>
    </p>
   </div>
   <div class='ocr_carea' id='block_1_6' title="bbox 316 3439 1074 3764">
    <p class='ocr_par' dir='ltr' id='par_1_11' title="bbox 316 3439 1074 3764">
     <span class='ocr_line' id='line_1_30' title="bbox 517 3439 1045 3511; baseline -0.002 -15"><span class='ocrx_word' id='word_1_217' title='bbox 517 3439 674 3506; x_wconf 77' lang='lat' dir='ltr'><strong>(canonista</strong></span> <span class='ocrx_word' id='word_1_218' title='bbox 693 3443 825 3511; x_wconf 84' lang='lat' dir='ltr'><strong>contemp.</strong></span> <span class='ocrx_word' id='word_1_219' title='bbox 844 3439 911 3496; x_wconf 81' lang='lat'>1898</span> <span class='ocrx_word' id='word_1_220' title='bbox 929 3457 954 3509; x_wconf 91' lang='lat' dir='ltr'><strong>p.</strong></span> <span class='ocrx_word' id='word_1_221' title='bbox 975 3439 1045 3508; x_wconf 82' lang='lat'><strong>226.)</strong></span> 
     </span>
     <span class='ocr_line' id='line_1_31' title="bbox 369 3561 646 3645; baseline 0.007 -19"><span class='ocrx_word' id='word_1_222' title='bbox 369 3561 403 3626; x_wconf 82' lang='grc' dir='ltr'><strong>Α.</strong></span> <span class='ocrx_word' id='word_1_223' title='bbox 439 3561 646 3645; x_wconf 67' lang='lat' dir='ltr'><strong>Suppeditatio.</strong></span> 
     </span>
     <span class='ocr_line' id='line_1_32' title="bbox 316 3691 1074 3764; baseline 0.003 -10"><span class='ocrx_word' id='word_1_224' title='bbox 316 3691 563 3758; x_wconf 79' lang='lat' dir='ltr'><strong>Eminentissime</strong></span> <span class='ocrx_word' id='word_1_225' title='bbox 584 3713 619 3760; x_wconf 88' lang='lat' dir='ltr'><strong>ac</strong></span> <span class='ocrx_word' id='word_1_226' title='bbox 643 3692 909 3764; x_wconf 84' lang='lat' dir='ltr'><strong>Reuerendissinre</strong></span> <span class='ocrx_word' id='word_1_227' title='bbox 937 3691 1074 3757; x_wconf 85' lang='lat' dir='ltr'><strong>Domine.</strong></span> 
     </span>
    </p>
   </div>
   <div class='ocr_carea' id='block_1_7' title="bbox 158 3819 1399 4214">
    <p class='ocr_par' dir='ltr' id='par_1_12' title="bbox 158 3819 1399 4214">
     <span class='ocr_line' id='line_1_33' title="bbox 264 3819 1399 3903; baseline 0 -21"><span class='ocrx_word' id='word_1_228' title='bbox 264 3819 338 3884; x_wconf 86' lang='lat' dir='ltr'><strong>Heri</strong></span> <span class='ocrx_word' id='word_1_229' title='bbox 361 3823 394 3886; x_wconf 89' lang='lat' dir='ltr'><strong>et</strong></span> <span class='ocrx_word' id='word_1_230' title='bbox 414 3821 638 3890; x_wconf 85' lang='lat' dir='ltr'><strong>nudiustertius</strong></span> <span class='ocrx_word' id='word_1_231' title='bbox 660 3823 699 3888; x_wconf 87' lang='lat' dir='ltr'><strong>ed</strong></span> <span class='ocrx_word' id='word_1_232' title='bbox 725 3843 772 3888; x_wconf 89' lang='lat' dir='ltr'><strong>me</strong></span> <span class='ocrx_word' id='word_1_233' title='bbox 795 3823 889 3888; x_wconf 89' lang='lat' dir='ltr'><strong>rediit</strong></span> <span class='ocrx_word' id='word_1_234' title='bbox 912 3821 1033 3898; x_wconf 87' lang='lat' dir='ltr'><strong>mulier,</strong></span> <span class='ocrx_word' id='word_1_235' title='bbox 1053 3821 1214 3903; x_wconf 86' lang='lat' dir='ltr'><strong>sequentia</strong></span> <span class='ocrx_word' id='word_1_236' title='bbox 1230 3837 1399 3901; x_wconf 83' lang='lat' dir='ltr'><strong>exponens:</strong></span> 
     </span>
     <span class='ocr_line' id='line_1_34' title="bbox 261 3921 1399 4009; baseline -0.001 -23"><span class='ocrx_word' id='word_1_237' title='bbox 261 3923 352 3989; x_wconf 85' lang='lat' dir='ltr'><strong>Anno</strong></span> <span class='ocrx_word' id='word_1_238' title='bbox 380 3924 513 3993; x_wconf 88' lang='lat'>188...</span> <span class='ocrx_word' id='word_1_239' title='bbox 537 3927 569 3991; x_wconf 91' lang='lat' dir='ltr'><strong>in</strong></span> <span class='ocrx_word' id='word_1_240' title='bbox 592 3927 822 3992; x_wconf 87' lang='lat' dir='ltr'><strong>matrimonium</strong></span> <span class='ocrx_word' id='word_1_241' title='bbox 846 3927 905 3989; x_wconf 86' lang='lat' dir='ltr'><strong>rite</strong></span> <span class='ocrx_word' id='word_1_242' title='bbox 928 3926 1082 4009; x_wconf 88' lang='lat' dir='ltr'><strong>copulato,</strong></span> <span class='ocrx_word' id='word_1_243' title='bbox 1106 3943 1175 3988; x_wconf 86' lang='lat' dir='ltr'><strong>cunr</strong></span> <span class='ocrx_word' id='word_1_244' title='bbox 1197 3923 1261 3987; x_wconf 85' lang='lat' dir='ltr'><strong>viro</strong></span> <span class='ocrx_word' id='word_1_245' title='bbox 1276 3923 1308 3986; x_wconf 90' lang='lat' dir='ltr'><strong>in</strong></span> <span class='ocrx_word' id='word_1_246' title='bbox 1325 3921 1399 3986; x_wconf 87' lang='lat' dir='ltr'><strong>arbe</strong></span> 
     </span>
     <span class='ocr_line' id='line_1_35' title="bbox 158 4025 1399 4113; baseline 0.001 -26"><span class='ocrx_word' id='word_1_247' title='bbox 158 4025 252 4107; x_wconf 86' lang='lat' dir='ltr'><strong>bujns</strong></span> <span class='ocrx_word' id='word_1_248' title='bbox 274 4026 422 4092; x_wconf 87' lang='lat' dir='ltr'><strong>dioecesis</strong></span> <span class='ocrx_word' id='word_1_249' title='bbox 444 4029 548 4096; x_wconf 87' lang='lat' dir='ltr'><strong>N...</strong></span> <span class='ocrx_word' id='word_1_250' title='bbox 573 4029 729 4095; x_wconf 86' lang='lat' dir='ltr'><strong>habitavit</strong></span> <span class='ocrx_word' id='word_1_251' title='bbox 748 4049 844 4113; x_wconf 90' lang='lat' dir='ltr'><strong>usque</strong></span> <span class='ocrx_word' id='word_1_252' title='bbox 867 4029 905 4094; x_wconf 89' lang='lat' dir='ltr'><strong>ad</strong></span> <span class='ocrx_word' id='word_1_253' title='bbox 929 4048 1041 4094; x_wconf 89' lang='lat' dir='ltr'><strong>annum</strong></span> <span class='ocrx_word' id='word_1_254' title='bbox 1069 4029 1155 4094; x_wconf 89' lang='lat'>188.</span> <span class='ocrx_word' id='word_1_255' title='bbox 1173 4075 1195 4103; x_wconf 91' lang='lat'><strong>.,</strong></span> <span class='ocrx_word' id='word_1_256' title='bbox 1223 4027 1399 4109; x_wconf 87' lang='lat' dir='ltr'><strong>prolemque</strong></span> 
     </span>
     <span class='ocr_line' id='line_1_36' title="bbox 160 4127 1397 4214; baseline 0.002 -24"><span class='ocrx_word' id='word_1_257' title='bbox 160 4127 286 4204; x_wconf 87' lang='lat' dir='ltr'><strong>babuit,</strong></span> <span class='ocrx_word' id='word_1_258' title='bbox 320 4131 375 4194; x_wconf 88' lang='lat' dir='ltr'><strong>boc</strong></span> <span class='ocrx_word' id='word_1_259' title='bbox 398 4131 463 4214; x_wconf 87' lang='lat' dir='ltr'><strong>ipso</strong></span> <span class='ocrx_word' id='word_1_260' title='bbox 486 4151 565 4196; x_wconf 87' lang='lat' dir='ltr'><strong>enno</strong></span> <span class='ocrx_word' id='word_1_261' title='bbox 588 4136 750 4198; x_wconf 87' lang='lat' dir='ltr'><strong>mortuam.</strong></span> <span class='ocrx_word' id='word_1_262' title='bbox 799 4133 880 4197; x_wconf 83' lang='lat' dir='ltr'><strong>blale</strong></span> <span class='ocrx_word' id='word_1_263' title='bbox 903 4151 922 4197; x_wconf 89' lang='lat' dir='ltr'><strong>a</strong></span> <span class='ocrx_word' id='word_1_264' title='bbox 943 4133 1007 4197; x_wconf 91' lang='lat' dir='ltr'><strong>viro</strong></span> <span class='ocrx_word' id='word_1_265' title='bbox 1031 4134 1182 4208; x_wconf 85' lang='lat' dir='ltr'><strong>tractata,</strong></span> <span class='ocrx_word' id='word_1_266' title='bbox 1218 4131 1342 4212; x_wconf 87' lang='lat' dir='ltr'><strong>insuper</strong></span> <span class='ocrx_word' id='word_1_267' title='bbox 1365 4129 1397 4193; x_wconf 90' lang='lat' dir='ltr'><strong>in</strong></span> 
     </span>
    </p>
   </div>
   <div class='ocr_carea' id='block_1_8' title="bbox 156 4232 1398 4320">
    <p class='ocr_par' dir='ltr' id='par_1_13' title="bbox 156 4232 1398 4320">
     <span class='ocr_line' id='line_1_37' title="bbox 156 4232 1398 4320; baseline 0 -24"><span class='ocrx_word' id='word_1_268' title='bbox 156 4232 249 4296; x_wconf 84' lang='lat' dir='ltr'><strong>rebus</strong></span> <span class='ocrx_word' id='word_1_269' title='bbox 269 4235 454 4316; x_wconf 85' lang='lat' dir='ltr'><strong>pecuniariis</strong></span> <span class='ocrx_word' id='word_1_270' title='bbox 476 4235 621 4319; x_wconf 89' lang='lat' dir='ltr'><strong>bonisque</strong></span> <span class='ocrx_word' id='word_1_271' title='bbox 642 4236 777 4301; x_wconf 78' lang='lat' dir='ltr'><strong>familiae</strong></span> <span class='ocrx_word' id='word_1_272' title='bbox 799 4236 962 4320; x_wconf 75' lang='lat' dir='ltr'><strong>grauiam</strong></span> <span class='ocrx_word' id='word_1_273' title='bbox 985 4237 1073 4320; x_wconf 88' lang='lat' dir='ltr'><strong>parte</strong></span> <span class='ocrx_word' id='word_1_274' title='bbox 1096 4235 1154 4300; x_wconf 87' lang='lat' dir='ltr'><strong>viri</strong></span> <span class='ocrx_word' id='word_1_275' title='bbox 1178 4235 1290 4299; x_wconf 87' lang='lat' dir='ltr'><strong>damna</strong></span> <span class='ocrx_word' id='word_1_276' title='bbox 1307 4251 1398 4316; x_wconf 85' lang='lat' dir='ltr'><strong>passa</strong></span> 
     </span>
    </p>
   </div>
   <div class='ocr_carea' id='block_1_9' title="bbox 153 4441 1401 4690">
    <p class='ocr_par' dir='ltr' id='par_1_14' title="bbox 153 4441 1401 4690">
     <span class='ocr_line' id='line_1_38' title="bbox 154 4441 1401 4502; baseline -0.002 -5"><span class='ocrx_word' id='word_1_277' title='bbox 154 4443 283 4497; x_wconf 69' lang='grc'><strong>11111111</strong></span> <span class='ocrx_word' id='word_1_278' title='bbox 298 4442 347 4498; x_wconf 87' lang='lat' dir='ltr'><strong>der</strong></span> <span class='ocrx_word' id='word_1_279' title='bbox 364 4461 386 4498; x_wconf 88' lang='lat' dir='ltr'><strong>r.</strong></span> <span class='ocrx_word' id='word_1_280' title='bbox 408 4443 489 4500; x_wconf 89' lang='lat' dir='ltr'><strong>Poen.</strong></span> <span class='ocrx_word' id='word_1_281' title='bbox 514 4461 549 4500; x_wconf 90' lang='lat' dir='ltr'><strong>an</strong></span> <span class='ocrx_word' id='word_1_282' title='bbox 576 4446 627 4502; x_wconf 89' lang='lat' dir='ltr'><strong>den</strong></span> <span class='ocrx_word' id='word_1_283' title='bbox 650 4445 762 4501; x_wconf 80' lang='lat' dir='ltr'><strong>llisohol</strong></span> <span class='ocrx_word' id='word_1_284' title='bbox 780 4461 832 4499; x_wconf 83' lang='lat' dir='ltr'><strong>ron</strong></span> <span class='ocrx_word' id='word_1_285' title='bbox 848 4443 985 4499; x_wconf 82' lang='lat' dir='ltr'><strong>iderseille</strong></span> <span class='ocrx_word' id='word_1_286' title='bbox 1000 4459 1060 4498; x_wconf 83' lang='lat' dir='ltr'><strong>rom</strong></span> <span class='ocrx_word' id='word_1_287' title='bbox 1080 4443 1105 4496; x_wconf 81' lang='lat'><strong>4.</strong></span> <span class='ocrx_word' id='word_1_288' title='bbox 1125 4443 1190 4498; x_wconf 85' lang='lat' dir='ltr'><strong>Juni</strong></span> <span class='ocrx_word' id='word_1_289' title='bbox 1211 4443 1277 4498; x_wconf 84' lang='lat'>1890</span> <span class='ocrx_word' id='word_1_290' title='bbox 1295 4441 1401 4496; x_wconf 82' lang='lat' dir='ltr'><strong>beaielrt</strong></span> 
     </span>
     <span class='ocr_line' id='line_1_39' title="bbox 154 4526 1399 4601; baseline -0.002 -19"><span class='ocrx_word' id='word_1_291' title='bbox 154 4528 214 4584; x_wconf 84' lang='lat' dir='ltr'><strong>sich</strong></span> <span class='ocrx_word' id='word_1_292' title='bbox 243 4529 430 4586; x_wconf 82' lang='lat' dir='ltr'><strong>ausdrucklielr</strong></span> <span class='ocrx_word' id='word_1_293' title='bbox 457 4531 507 4586; x_wconf 83' lang='lat' dir='ltr'><strong>aul</strong></span> <span class='ocrx_word' id='word_1_294' title='bbox 528 4531 574 4586; x_wconf 88' lang='lat' dir='ltr'><strong>die</strong></span> <span class='ocrx_word' id='word_1_295' title='bbox 595 4531 653 4588; x_wconf 86' lang='lat' dir='ltr'><strong>bier</strong></span> <span class='ocrx_word' id='word_1_296' title='bbox 678 4531 749 4601; x_wconf 85' lang='lat' dir='ltr'><strong>jetat</strong></span> <span class='ocrx_word' id='word_1_297' title='bbox 772 4533 828 4586; x_wconf 85' lang='lat' dir='ltr'><strong>erat</strong></span> <span class='ocrx_word' id='word_1_298' title='bbox 846 4529 1035 4601; x_wconf 74' lang='lat' dir='ltr'><strong>naehtriglieh</strong></span> <span class='ocrx_word' id='word_1_299' title='bbox 1053 4529 1180 4598; x_wconf 78' lang='lat' dir='ltr'><strong>folgende</strong></span> <span class='ocrx_word' id='word_1_300' title='bbox 1195 4526 1399 4597; x_wconf 65' lang='lat' dir='ltr'><strong>Eumeneidung</strong></span> 
     </span>
     <span class='ocr_line' id='line_1_40' title="bbox 153 4615 545 4690; baseline 0.008 -19"><span class='ocrx_word' id='word_1_301' title='bbox 153 4632 216 4676; x_wconf 78' lang='lat' dir='ltr'><strong>vom</strong></span> <span class='ocrx_word' id='word_1_302' title='bbox 234 4617 276 4674; x_wconf 63' lang='lat'><strong>24</strong></span> <span class='ocrx_word' id='word_1_303' title='bbox 295 4615 453 4690; x_wconf 77' lang='lat' dir='ltr'><strong>September</strong></span> <span class='ocrx_word' id='word_1_304' title='bbox 471 4617 545 4674; x_wconf 79' lang='lat'>1887.</span> 
     </span>
    </p>
   </div>
   <div class='ocr_carea' id='block_1_10' title="bbox 0 0 1640 4894">
    <p class='ocr_par' dir='ltr' id='par_1_15' title="bbox 0 0 1640 4894">
     <span class='ocr_line' id='line_1_41' title="bbox 0 0 1640 4894; baseline 0 0"><span class='ocrx_word' id='word_1_305' title='bbox 0 0 1640 4894; x_wconf 95' lang='lat' dir='ltr'><strong> </strong></span> 
     </span>
    </p>
   </div>
  </div>
 </body>
</html>
