3220 4906
258 233 322 298 312
365 251 455 307 Leon.
471 249 554 304 Xlll.
567 250 612 304 tu.
625 248 706 304 brec.
718 249 746 304 d.
758 250 786 304 d.
797 248 1028 306 rerunurasa
1039 252 1301 308 reconsonando.
1312 251 1498 320 adamiticam

258 443 326 489 cum
360 421 503 489 omnibus
534 419 654 487 iuribus
691 423 723 486 et
756 420 978 501 facultatibus,
1017 441 1095 506 quae
1130 421 1275 488 nimirum
1309 424 1496 506 potestatem

258 527 376 610 gerenti
397 525 572 591 iudicentur
595 523 793 590 necessariae.

362 630 412 696 llli
436 633 540 694 autem
563 627 733 695 Concilium
765 628 870 692 adesse
902 627 1041 694 volumus
1072 629 1264 694 Urbanorum
1296 629 1497 704 Antistitum,

257 737 289 800 in
314 736 424 818 quibus
455 733 644 798 Secretarius
673 750 727 814 pro
758 734 895 814 tempore
919 732 1051 826 Nostrae
1071 731 1233 798 Sacrorum
1258 732 1386 797 Rituum
1411 732 1494 797 Con·

257 839 456 924 gregationis.
491 837 577 917 Quod
601 837 750 918 superest,
775 835 871 900 Nobis
895 855 964 918 spes
987 837 1065 902 bona
1086 839 1144 912 est,
1168 855 1289 914 omnes,
1314 838 1425 918 quibus
1448 839 1499 900 est

258 943 430 1007 animarum
450 941 568 1006 credita
590 939 692 1017 salus,
724 939 855 1006 maxime
878 940 1061 1023 Episcopus,
1092 939 1187 1005 studii
1220 940 1313 1005 huius
1333 940 1441 1005 Nostri
1465 942 1496 1002 in

257 1046 315 1111 bac
345 1045 396 1128 pia
423 1043 653 1110 consociatione
675 1043 869 1125 provehenda
891 1043 989 1108 socios
1011 1062 1047 1108 ac
1070 1043 1237 1127 participes
1259 1061 1326 1109 sese
1349 1043 1498 1108 facturos.

256 1150 317 1233 Qui
336 1148 419 1214 euim
442 1150 629 1231 cognoscunt
659 1151 691 1212 et
722 1146 890 1212 Nobiscum
920 1146 1082 1231 deplorent
1112 1147 1350 1212 christianorum
1374 1165 1496 1210 morum

256 1253 497 1320 demutationem
525 1255 561 1316 ‘et
591 1250 815 1334 corruptelam,
845 1249 1025 1316 restinctum
1054 1251 1085 1315 in
1117 1251 1246 1316 familiis
1276 1250 1434 1334 religionis
1465 1255 1498 1314 et

257 1358 384 1442 pietatis
402 1359 556 1431 amorem,
581 1357 612 1419 et
636 1373 779 1420 accensas
802 1373 894 1437 supra
918 1354 1042 1419 modum
1065 1374 1167 1420 rerum
1197 1355 1390 1420 terrestrium
1410 1355 1496 1437 cupi·

257 1463 385 1538 ditatos,
415 1459 473 1543 ipsi
503 1458 654 1542 siquidem
679 1459 725 1523 rel
755 1458 886 1522 maxime
905 1458 1057 1541 optabunt
1079 1461 1127 1524 tot
1146 1459 1304 1542 tertiisque
1327 1459 1418 1524 malis
1441 1480 1495 1543 op·

258 1569 390 1646 portuna
413 1563 516 1629 afferri
537 1561 683 1626 remedia.

360 1668 400 1732 ut
422 1666 572 1749 siquidem
597 1665 674 1732 nibil
699 1667 798 1748 magis
821 1663 958 1730 salutare
978 1667 1034 1729 aut
1049 1665 1157 1730 efficax
1174 1667 1302 1731 familiis
1318 1667 1496 1732 christianis

256 1771 387 1855 cogitari
410 1772 510 1854 potest
533 1770 670 1850 exemplo
689 1767 800 1834 Sacrae
825 1768 992 1847 Familiae,
1024 1788 1103 1852 quae
1131 1770 1347 1852 perlectionem
1372 1773 1495 1837 alrsoln-

258 1876 433 1957 tionemque
456 1873 670 1956 complectitur
693 1872 830 1938 omnium
854 1872 1005 1938 virtutum
1022 1873 1271 1938 domesticarum.
1303 1877 1497 1958 erapropter

256 1981 377 2054 curent,
402 1981 437 2043 ut
460 1977 595 2043 familiae
617 1977 876 2060 qrnnnplurimee,
909 1977 1089 2059 praesertim
1109 1978 1334 2060 operariorum,
1364 1980 1395 2044 in
1419 2000 1496 2061 qnae

256 2084 437 2148 insidiarum
461 2082 507 2148 ris
527 2081 624 2146 maior
645 2081 827 2156 intenditur,
848 2081 916 2164 piae
941 2081 1012 2145 huic
1034 2079 1258 2148 Gonsoeiatioui
1282 2083 1358 2147 dent
1374 2102 1495 2148 nomen.

257 2187 434 2253 Cavendum
456 2190 558 2252 tamen
582 2188 640 2258 est,
664 2205 700 2249 ne
724 2204 743 2250 a
765 2185 918 2268 proposito
942 2203 996 2250 suo
1018 2185 1211 2252 Consociatio
1233 2187 1395 2264 deflectat,
1420 2207 1497 2251 nere

256 2292 384 2374 spiritus
404 2293 607 2367 immutetur;
639 2289 691 2354 sed
714 2307 791 2372 qnae
813 2294 845 2354 et
868 2289 1018 2370 quomodo
1040 2289 1181 2354 decretae
1202 2294 1276 2355 sunt
1298 2292 1423 2373 pietatis
1445 2311 1497 2356 ex·

257 2395 470 2460 concitationes
500 2397 532 2458 et
560 2393 749 2476 precationes
780 2393 920 2476 integrae
946 2395 1115 2458 serventur.
1161 2393 1212 2458 Sic
1235 2394 1391 2477 implorati
1416 2397 1498 2459 inter

257 2498 440 2562 domesticos
462 2497 593 2580 parietes
614 2497 717 2560 adsint
738 2496 862 2578 propitii
885 2495 988 2574 Jesus,
1013 2497 1113 2561 Mario
1131 2502 1163 2561 et
1182 2496 1309 2580 Joseph,
1332 2501 1496 2563 caritatem

256 2601 361 2677 alant,
385 2618 485 2666 mores
505 2605 632 2683 regant,
657 2601 695 2664 ad
720 2601 866 2664 uirtutem
891 2604 1054 2682 provocent
1078 2600 1250 2666 imitatione
1273 2603 1339 2676 sui,
1363 2607 1497 2684 atquae

258 2703 391 2786 rrrrdique
408 2704 528 2768 instant
546 2704 691 2768 mortales
708 2723 880 2779 aerumnae,
904 2723 956 2769 eas
972 2703 1111 2770 leniendo
1128 2704 1244 2770 faciant
1259 2707 1496 2772 tolerabiliores.
1581 2769 1582 2796 ἶ

257 2807 462 2872 discernentes
485 2807 682 2873 haecomnia
704 2809 736 2872 et
758 2808 882 2890 singula
905 2809 950 2872 uti
975 2825 1068 2890 snpra
1090 2809 1192 2873 edicta
1214 2813 1301 2887 sunt,
1335 2811 1424 2874 iirmu
1447 2830 1497 2874 ra·

255 2917 348 2994 taque
369 2910 398 2974 in
423 2913 601 2995 perpetuum
627 2929 813 2994 permanere,
838 2930 896 2975 non
919 2911 1116 2976 obstantibus
1132 2914 1415 2988 constitutionibus,
1440 2915 1494 2977 lit-

258 3016 332 3081 teris
354 3015 558 3098 Apostolicis,
583 3015 772 3100 privilegiis,
795 3015 940 3092 indultis,
973 3015 1096 3080 Nostris
1125 3019 1157 3079 et
1180 3015 1388 3081 Cancellariae
1413 3021 1497 3100 Apo·

256 3118 383 3184 stolicae
408 3119 546 3203 Regalis,
571 3120 740 3201 ceterisque
764 3118 926 3184 contrariis
949 3119 1202 3202 quibuscumque.
1581 3183 1582 3200 ἶ

361 3222 475 3288 Datum
509 3224 623 3288 Romae
652 3223 733 3307 apud
760 3223 791 3290 S.
820 3223 967 3299 Petrum,
998 3224 1055 3288 snb
1087 3223 1202 3289 annulo
1232 3224 1416 3301 Piscatoris,
1445 3224 1498 3289 dia

260 3327 307 3393 14.
328 3324 414 3390 Junii
441 3327 523 3390 1892
548 3325 749 3392 Pontificatus
774 3325 880 3392 Nostri
900 3325 989 3391 Anno
1014 3327 1064 3391 15.

1024 3430 1055 3496 S.
1079 3430 1170 3497 (lard.
1200 3431 1390 3498 Vunnatclli.

256 3609 285 3670 2.
319 3601 461 3670 Statulae
491 3603 545 3670 des
570 3603 773 3688 allpancinca
798 3603 943 3670 Vercines
973 3603 1029 3669 der
1052 3603 1251 3670 christlicben
1275 3603 1434 3669 Familiare
1455 3627 1497 3671 eu

492 3707 601 3773 Bhrens
623 3707 679 3773 der
698 3707 832 3791 heiligen
855 3707 992 3773 Familia
1013 3729 1071 3773 uon
1094 3708 1264 3774 Nazareth.

363 3846 390 3912 1.
420 3845 480 3909 Der
503 3845 609 3912 Zueclr
633 3845 686 3909 des
711 3845 856 3912 Vereines
879 3846 1002 3911 bestebt
1023 3845 1123 3923 damn,
1146 3845 1196 3911 die
1218 3847 1418 3913 christlichen
1438 3847 1496 3910 Na·

257 3951 364 4013 milis-n
384 3949 438 4013 der
461 3948 595 4033 heiligen
621 3949 748 4014 l'amilie
769 3968 824 4015 non
851 3949 1006 4016 Nazareth
1029 3969 1066 4015 au
1083 3951 1198 4016 neihen
1217 3951 1279 4015 und
1295 3951 1432 4016 dieselbe
1447 3952 1495 4016 als

256 4051 455 4135 Gegenstaud
480 4053 661 4118 besoudersr
686 4053 865 4137 Verebruug
888 4054 949 4118 und
975 4053 1204 4138 Nacbabmuug
1234 4074 1286 4119 ror
1317 4057 1427 4139 Augen
1458 4075 1495 4120 nu

258 4155 371 4232 haben,
402 4154 504 4220 tudem
536 4175 608 4220 man
636 4175 690 4222 vor
719 4158 818 4222 einem
850 4156 936 4222 Bilde
967 4157 1125 4224 denselbeu
1145 4159 1193 4222 ein
1216 4159 1373 4241 tsgtiches
1395 4159 1496 4226 Gebet

257 4259 425 4324 verricbtct
445 4259 507 4324 nnd
532 4259 589 4324 den
614 4261 785 4325 herrlicbeu
809 4261 975 4345 'lugenden
995 4263 1192 4340 nachstrebt,
1222 4262 1254 4326 in
1285 4262 1421 4328 aelcben
1451 4265 1495 4328 sie

256 4365 359 4439 dilen,
380 4364 482 4428 aumal
508 4365 581 4429 abar
604 4365 673 4428 dem
697 4365 1017 4434 Handnerlrerstande
1040 4366 1086 4430 als
1103 4366 1237 4448 Beispisl
1252 4367 1494 4434 roranleuchtet.

359 4469 390 4532 2.
422 4468 483 4532 Der
515 4467 624 4533 Verein
655 4467 709 4534 bat
737 4469 841 4534 acinon
873 4469 938 4534 Sita
967 4470 1028 4534 und
1061 4469 1269 4552 Mittelpunlrt
1291 4471 1321 4534 in
1348 4472 1423 4538 ltom
1447 4472 1493 4536 bei

256 4571 303 4636 Sr.
327 4570 473 4634 liminum
495 4570 565 4634 dem
586 4570 760 4654 jeneiligen
790 4571 1051 4638 cardinal-Viam
1080 4571 1186 4638 Sciner
1218 4573 1408 4658 Heiligleit,
1441 4575 1495 4640 der
