3220 4906
233 257 297 324 302
382 273 443 330 neo
461 273 547 330 xrrr.
565 275 595 329 a.
614 275 658 330 rc.
676 273 759 330 omar
780 273 852 328 resa
870 273 907 328 aa
927 273 1148 342 macrensem
1168 272 1324 331 colomeo.

336 444 396 513 Sed
428 447 585 528 praeterea
617 444 680 511 alia
711 447 758 511 ost
787 463 914 524 caussa,
946 445 1113 528 eademqne
1146 463 1268 529 prorsus
1295 443 1473 529 singularis,

235 550 432 636 quamobrem
456 550 651 616 recolendum
676 548 764 615 nobis
786 548 915 615 memori
939 548 1148 632 gratulatione
1178 549 1321 632 putemus
1344 548 1469 614 immor-

233 654 298 720 tale
321 654 448 722 laetum.
496 653 651 720 Nimirum
675 652 842 718 columbus
862 655 965 718 noster
987 654 1051 718 sst:
1078 652 1325 737 qnandoquidem
1349 652 1374 716 si
1396 671 1472 736 pan·

231 758 326 842 lisper
348 759 522 842 spectetur,
552 775 614 842 qna
640 757 833 842 potissimum
860 774 970 822 caussa
992 756 1154 823 consilium
1178 756 1261 841 cepit
1281 758 1473 824 mebrorum

231 884 319 929 marc
343 863 530 946 conquirere,
554 862 586 927 et
608 880 670 945 qna
690 860 808 927 ratione
832 861 994 926 consilinm
1016 862 1147 928 conatus
1170 863 1218 926 est
1239 861 1357 946 exequi,
1381 861 1472 926 dnbi-

232 965 293 1032 tari
316 984 373 1031 non
395 965 514 1049 potest,
545 965 711 1050 plurimum
741 964 773 1028 in
797 983 829 1028 re
853 963 1048 1048 suscipienda
1072 964 1316 1050 perficiendaque
1339 964 1473 1048 potuisse

232 1069 323 1135 idern
346 1068 550 1149 catholicam,
582 1068 629 1134 ita
659 1071 696 1132 nt
728 1086 787 1133 non
817 1087 924 1152 parum
952 1067 1009 1134 hoc
1032 1068 1128 1135 stiam
1151 1067 1275 1135 nomine
1296 1069 1471 1135 universnm

232 1171 389 1238 hominnm
412 1163 510 1258 genus
532 1171 644 1238 debeat
665 1171 833 1237 Ecclesiae.

336 1277 442 1342 Fortes
463 1275 589 1360 quidem
612 1278 706 1359 atque
728 1275 917 1358 experientes
938 1275 1006 1356 riri,
1029 1294 1100 1341 curn
1120 1276 1194 1340 ants
1216 1274 1471 1360 christophorum

231 1379 414 1447 Columbum
437 1382 503 1446 tum
529 1380 652 1464 postea,
683 1383 883 1445 numerantur
905 1397 966 1445 non
989 1379 1094 1464 pauci,
1127 1380 1180 1464 qni
1209 1380 1334 1464 ignotas
1363 1383 1473 1458 terras,

233 1483 387 1568 ignotiora
424 1485 522 1549 maria
553 1483 704 1567 pertinaci
735 1483 838 1549 studio
864 1482 1093 1567 exquisiverint.
1135 1484 1271 1566 Quorum
1295 1484 1473 1552 memoriam

233 1587 317 1652 iama
340 1587 515 1664 hominnm,
550 1587 767 1654 beneficiorum
801 1607 934 1667 mernor,
967 1587 1033 1653 inrs
1060 1587 1238 1671 praedicat,
1270 1587 1474 1672 praedicabit,

232 1693 392 1775 propterea
412 1689 493 1774 qnod
515 1690 716 1756 scientiarum
737 1693 829 1775 atque
845 1691 1049 1756 humanitatis
1064 1709 1272 1776 propagarerc
1285 1691 1371 1769 finos,
1382 1711 1474 1758 com-

231 1813 414 1878 munemque
430 1794 666 1880 prosperitatem
682 1812 807 1860 unxores
831 1794 924 1879 idque
940 1814 999 1860 non
1015 1795 1076 1861 leri
1093 1795 1227 1877 nogotio,
1250 1797 1302 1860 sed
1319 1813 1373 1879 psr
1387 1815 1472 1862 snm·

233 1915 315 1963 marn
347 1897 443 1963 animi
473 1897 719 1975 contentionem,
746 1917 801 1964 nec
828 1917 898 1966 raro
929 1917 982 1982 per
1012 1916 1134 1964 summa
1164 1899 1310 1983 pericula.
1343 1937 1384 1947 -
1416 1899 1475 1964 Est

232 2005 347 2078 tamen,
370 2001 451 2085 qnod
475 2001 529 2067 bos
551 2000 634 2068 inter
655 2005 747 2087 atque
770 2021 851 2081 enm,
874 2003 913 2069 de
935 2021 995 2087 qno
1019 2003 1183 2087 loquimur,
1209 2021 1393 2088 magnopere
1412 2002 1474 2067 dir-

232 2105 322 2171 ierat.
374 2104 528 2172 Videlicet
558 2105 634 2171 baec
664 2107 828 2191 praecipue
859 2108 933 2174 nota
960 2105 1144 2174 Columbum
1176 2106 1360 2190 distinguit,
1391 2107 1473 2192 quod

232 2207 404 2276 emetiendo
429 2209 681 2292 remetiendoqua
709 2210 861 2276 immensa
891 2210 1005 2277 Oceani
1036 2211 1157 2295 spatia,
1194 2211 1292 2277 mains
1324 2210 1471 2294 quiddam

232 2315 325 2398 atque
356 2313 441 2379 alind
461 2332 555 2398 quana
585 2314 698 2392 ceteri,
730 2314 865 2398 petebat.
910 2314 980 2380 Non
1009 2314 1089 2399 quod
1121 2314 1198 2380 nibil
1224 2314 1276 2379 ills
1299 2317 1474 2380 moreretur

232 2417 449 2484 honestissima
470 2417 640 2502 cupiditate
663 2417 797 2495 sciendi,
828 2417 965 2502 beneque
995 2418 1034 2483 dc
1057 2417 1216 2483 bominum
1236 2420 1383 2484 societate
1406 2437 1471 2483 me·

231 2520 335 2598 rendi;
359 2539 414 2587 nec
436 2521 516 2604 qnod
539 2520 670 2606 gloriam
687 2524 907 2600 contemneret,
931 2521 1019 2587 cuins
1034 2521 1166 2589 acrimas
1181 2521 1212 2587 in
1228 2522 1350 2607 magnis
1368 2525 1473 2606 pecto-

232 2624 317 2690 ribus
351 2624 452 2690 solant
480 2643 547 2690 csso
584 2642 718 2702 morsus,
753 2629 810 2690 ant
842 2644 927 2709 spana
962 2625 1135 2693 utilitatum
1170 2645 1297 2693 suarum
1332 2626 1473 2691 funditus

230 2729 464 2811 aspernaretur:
495 2747 600 2794 rernm
623 2747 696 2812 prae
718 2728 767 2793 bis
790 2729 931 2794 humanis
955 2731 1129 2795 rationibus
1152 2729 1303 2796 universis
1326 2730 1416 2812 longe
1439 2729 1471 2793 in

230 2830 285 2897 illo
307 2831 387 2896 ratio
411 2831 509 2897 valuit
532 2831 691 2916 religionis
712 2832 833 2911 avitas,
863 2834 976 2917 quippe
1003 2834 1168 2918 quaemus
1191 2832 1257 2898 ulla
1278 2833 1472 2898 dubitatione

229 2936 262 3000 ot
284 2954 352 3000 earn
373 2937 509 3002 mentem
532 2935 783 3020 voluntatemque
815 2936 932 3002 homini
955 2937 1061 3013 dedit,
1093 2940 1125 3004 et
1158 2938 1189 3001 in
1225 2938 1354 3002 summis
1381 2957 1471 3021 saepe

229 3038 468 3106 difficultatibus
490 3040 696 3105 constantiam
713 3059 783 3107 cum
800 3041 911 3106 solatio
927 3041 1077 3123 praebuit.
1108 3041 1197 3106 Hane
1212 3043 1294 3106 enim
1311 3041 1471 3125 praecipue

230 3145 414 3210 sententiam
439 3145 532 3228 atque
552 3144 609 3209 hoc
624 3144 813 3227 propositum
831 3145 896 3210 eius
911 3145 1060 3212 insedisse
1076 3145 1179 3211 animo
1194 3147 1326 3223 constat,
1348 3145 1468 3212 aditum

230 3247 397 3332 Evangelio
420 3265 474 3330 per
496 3265 589 3314 novas
613 3250 713 3314 terras
737 3266 874 3332 novaque
896 3248 996 3314 maria
1017 3249 1198 3333 patefacere.

333 3349 369 3415 Id
391 3349 514 3434 quidem
539 3371 647 3434 parurn
667 3351 833 3418 consimile
853 3352 948 3417 rideri
964 3353 1008 3418 eis
1024 3355 1135 3436 potest,
1156 3353 1256 3436 quiin
1275 3355 1469 3418 hencres-nm

231 3456 393 3532 naturam,
428 3473 507 3538 quae
538 3455 706 3538 parcipitur
734 3455 891 3534 sensibus,
925 3457 1113 3540 cogitatione
1137 3457 1220 3522 omni
1243 3459 1376 3540 cnrtquc
1399 3476 1470 3522 con·

229 3558 339 3636 tracta,
364 3561 508 3626 recusant
528 3559 643 3625 intueri
666 3560 793 3625 maiora.
826 3557 885 3624 Sed
908 3562 1015 3626 contra
1038 3561 1070 3625 in
1095 3561 1236 3626 maximis
1258 3561 1391 3644 ingeniis
1415 3561 1472 3626 boc

230 3661 293 3726 fore
315 3661 435 3740 existit,
467 3668 504 3729 ut
525 3664 638 3728 malint
659 3663 754 3728 altius
777 3681 957 3748 assurgere:
987 3667 1060 3730 sunt
1090 3665 1172 3730 enim
1197 3664 1235 3730 ad
1259 3664 1472 3749 concipiendos

231 3764 353 3832 divinas
375 3765 446 3832 fidei
468 3766 635 3832 instinctos
656 3766 843 3849 affictaeque
861 3769 977 3851 optime
999 3769 1135 3834 omniurn
1157 3771 1344 3853 comparata.
1380 3769 1470 3835 Certe
1594 3791 1595 3832 r

230 3868 368 3934 studium
389 3871 518 3936 naturae
540 3888 610 3936 cnm
630 3871 790 3955 religionis
812 3871 915 3937 studio
936 3871 1105 3938 Golnmbns
1131 3872 1349 3952 coniunxerat,
1378 3875 1471 3956 atque

231 3971 350 4038 haustis
383 3992 419 4038 ex
452 3974 564 4038 intima
598 3973 658 4039 lide
691 3974 846 4041 catholica
879 3976 1051 4060 praeceptis
1085 3981 1222 4042 mentem
1253 3979 1467 4042 conformarat.

231 4076 298 4142 Hac
320 4076 358 4141 de
381 4095 490 4144 caussa
509 4094 579 4142 cnm
603 4097 638 4144 ex
662 4079 869 4145 astronomica
886 4079 1049 4162 disciplina
1064 4083 1097 4146 et
1111 4082 1250 4146 veterum
1265 4079 1471 4146 monumentis
1594 4083 1595 4088 ’

230 4179 438 4263 comperisset,
461 4183 548 4246 trans
573 4182 637 4248 noti
660 4183 743 4249 orbis
765 4183 913 4250 terminos
936 4203 1051 4267 magna
1073 4187 1227 4250 terrarum
1251 4187 1354 4268 spatis
1375 4185 1469 4250 otiam

228 4284 261 4350 in
282 4283 470 4351 occidentem
494 4288 607 4370 patere,
632 4287 708 4353 nulli
730 4288 889 4354 hominnm
914 4287 953 4352 ad
974 4307 1042 4353 eam
1066 4289 1147 4355 diem
1170 4289 1340 4373 explorata,
1363 4290 1470 4354 obser·
1594 4305 1595 4346 l

229 4388 356 4454 sabatur
388 4389 491 4455 animo
525 4390 694 4457 multitudo
727 4392 854 4476 ingens,
892 4391 1072 4457 miserandis
1106 4393 1294 4458 circumfusa
1326 4393 1470 4469 tenebris,
1594 4391 1595 4396 ’

229 4493 350 4558 vesanis
376 4493 490 4560 ritibus
518 4511 553 4559 aa
585 4493 718 4560 Deorum
748 4495 886 4561 inanium
910 4496 1180 4579 superstitionibus
1203 4495 1367 4579 implicita.
1410 4497 1468 4562 ldi-
1594 4499 1595 4544 l

229 4615 330 4662 sorum
355 4598 471 4681 agresti
493 4597 579 4663 cultu
602 4598 735 4683 larisque
759 4599 894 4664 moribus
916 4599 1033 4665 rivere:
1065 4601 1204 4668 miserius
1234 4617 1337 4665 carere
1362 4599 1472 4667 notitia
1594 4617 1595 4630 ¹
