3200 4916
252 289 279 344 S.
302 289 412 361 conpr.
431 295 468 348 dc
487 293 578 362 Prop.
600 295 676 351 Faue
694 297 731 350 dc
751 301 867 367 quaest.
885 295 976 352 schol.
999 297 1100 352 Amor.
1118 301 1192 364 scpl.
1277 279 1341 344 389

107 464 244 526 anoriis
267 467 423 529 arceretur
459 467 597 546 pascuis;
626 469 718 550 atque
749 468 825 531 baec
854 467 922 549 ipsa
952 465 981 534 S.
1006 465 1211 550 congregatio
1240 468 1343 532 oculos

105 585 179 631 suae
202 568 382 650 vigilantiae
405 569 441 632 arl
466 569 558 633 islam
578 571 733 653 regionem
747 570 931 654 jampridem
951 571 1140 645 conuertens,
1163 570 1340 636 instructio·

103 689 173 736 narn
197 670 266 734 iude
290 671 329 736 ab
352 691 431 737 anno
456 673 538 738 1875
561 673 709 737 edendam
733 675 870 750 curarit,
900 693 978 757 quse
1009 674 1046 739 de
1075 673 1206 758 publicis
1228 673 1342 738 sobolis

105 775 228 858 agebat.
276 774 331 840 Cui
354 776 558 841 adhaerentes
581 777 690 842 Patres
714 777 763 844 llI
786 778 915 844 Consilii
944 777 1078 843 Plenarii
1110 777 1343 842 Boltimorensis

108 879 139 942 in
162 878 193 942 id
217 899 335 943 omrem
360 898 464 944 curam
490 880 715 964 impenderunt,
739 886 774 946 ut
790 881 985 964 juventutem
1004 881 1189 946 catholicam
1205 880 1244 945 ab
1259 880 1342 945 omni

110 985 252 1048 vitiorum
274 987 305 1048 et
328 984 437 1050 erroris
457 985 526 1048 labe
541 985 722 1052 incolumem
739 989 898 1051 servarent
913 989 944 1051 el
959 986 1137 1070 apericulis
1151 985 1342 1052 educationis

101 1089 259 1171 principiis
290 1089 359 1152 lidei
389 1092 421 1153 et
444 1109 561 1154 morum
585 1090 666 1154 haud
688 1091 871 1156 informatae
894 1090 1101 1157 defenderent.
1147 1089 1338 1174 Quapropter

105 1192 342 1274 prudentissime
372 1195 545 1258 statuerent
576 1198 611 1259 ut
640 1193 671 1257 in
701 1194 833 1278 siugulis
866 1194 1062 1261 llioecesibus
1094 1213 1342 1278 unamquamque

104 1315 194 1380 prope
217 1296 375 1362 ecelesiam
397 1297 520 1362 scholas
540 1298 747 1380 erigerentur,
776 1298 807 1362 in
835 1299 947 1382 quibus
977 1298 1198 1364 catholicorum
1222 1298 1341 1363 soboles

102 1401 158 1463 sub
189 1400 465 1464 ecclesiasticorum
494 1401 655 1468 Pastorum
690 1403 874 1467 auctoritate
905 1405 936 1467 el
967 1401 1135 1468 directione
1159 1420 1218 1466 uon
1239 1401 1340 1466 minus

104 1505 217 1568 litteris
239 1505 440 1590 ingenuisque
460 1506 579 1570 artibus
601 1525 693 1590 quam
716 1507 866 1589 religione
889 1508 920 1570 sl
935 1505 1022 1571 benis
1037 1506 1174 1571 moribus
1188 1504 1340 1570 imbuere·

103 1614 162 1676 tur.
207 1610 303 1674 Purro
327 1611 466 1675 nonnulli
491 1609 718 1693 sapientissima
741 1611 816 1674 baec
838 1613 959 1676 statuta
981 1629 1054 1695 prae
1069 1610 1166 1676 oeulis
1181 1611 1341 1687 habentes,

104 1714 164 1779 rati
195 1715 307 1798 agendi
341 1715 491 1780 rationem
527 1715 758 1800 drobiepiscopi
794 1715 823 1778 S.
848 1715 938 1779 Pauli
962 1715 992 1778 in
1016 1715 1194 1780 memoratis
1223 1714 1341 1779 duobus

103 1819 224 1883 casibus
247 1839 315 1882 oum
341 1819 404 1882 illis
427 1819 584 1884 conciliari
608 1819 688 1884 baud
713 1839 809 1902 posse,
831 1819 1052 1902 reprehendere
1067 1819 1155 1884 illurn
1171 1837 1229 1884 non
1247 1818 1336 1883 dubi-

102 1927 225 2002 taruut;
249 1923 321 1988 dum
345 1923 398 1986 alii
418 1942 434 1987 e
451 1927 556 1987 contra
572 1943 626 1988 ceu
644 1923 788 2005 gravibus
803 1923 936 1987 innixam
954 1923 1125 1988 rationibus
1141 1923 1339 2005 probandam,

102 2029 134 2090 st
156 2027 232 2090 nibil
256 2046 308 2108 per
331 2047 397 2090 eam
422 2026 470 2090 his
495 2026 625 2090 decretis
653 2027 835 2112 derogatum
864 2027 959 2092 luisse
986 2027 1176 2109 judicarunt.
1219 2027 1342 2091 Acriter

106 2130 269 2194 hincinde
292 2130 446 2194 contentio
470 2131 600 2194 exarsit:
634 2131 729 2194 etiam
761 2149 812 2214 per
840 2130 978 2214 publicas
1001 2129 1229 2213 ephemerides,
1260 2129 1341 2213 quod

107 2233 196 2298 valde
224 2233 405 2312 dolendum,
437 2235 581 2298 ardenter
613 2233 753 2318 quaestio
783 2234 934 2300 ventilata
964 2235 1041 2313 luit,
1071 2253 1125 2299 nec
1156 2253 1280 2300 concors
1309 2237 1342 2298 et

105 2337 246 2402 unanime
270 2338 488 2421 Episcoporum
509 2339 659 2421 judicium
684 2339 740 2404 lrac
763 2339 799 2403 de
823 2358 855 2404 re
875 2339 988 2404 extitit.
1042 2337 1129 2421 Quod
1152 2358 1246 2422 quum
1270 2338 1341 2402 reli-

102 2441 203 2526 gionis
227 2443 321 2520 bono,
352 2442 507 2507 Ecclesiae
535 2443 637 2508 decori
665 2445 696 2508 et
728 2443 941 2527 optatissimae
970 2460 1065 2525 aeque
1094 2460 1131 2506 ac
1153 2440 1342 2507 necessariae

102 2547 182 2610 inter
206 2565 360 2610 sacrorum
387 2546 554 2612 Antistites
577 2546 765 2626 concordiae,
789 2547 818 2609 iu
841 2565 903 2630 qua
924 2565 981 2630 pax
1006 2563 1137 2629 gregum
1160 2544 1236 2629 ipsis
1258 2564 1341 2612 oom-

102 2652 263 2714 missarum
282 2649 441 2728 solidatur,
465 2669 556 2732 quarn
573 2649 739 2732 plurimum
755 2651 861 2715 obesse
874 2651 958 2732 juste
974 2649 1077 2714 timeri
1094 2649 1204 2732 posset,
1227 2645 1341 2714 Sancta

106 2754 199 2818 Sedes
222 2758 424 2837 opportunum
448 2754 536 2818 duxit
558 2773 620 2818 rern
646 2753 683 2820 ad
706 2773 738 2818 se
753 2773 881 2820 avocare
897 2753 1124 2838 dijudicandam
1140 2771 1257 2836 suaque
1273 2770 1342 2817 sen-

102 2859 202 2923 tentia
226 2858 489 2941 disputationibus
509 2858 598 2922 finem
625 2859 787 2940 imponere.
827 2858 928 2942 Hujus
951 2859 1054 2923 autem
1077 2857 1192 2939 negotii
1215 2874 1340 2921 examen

104 2963 286 3045 quibusdam
317 2982 352 3026 ex
381 2963 465 3025 limis
495 2963 555 3027 PP.
579 2962 610 3026 S.
635 2962 769 3026 Consilio
792 2962 966 3028 Christiano
989 2961 1115 3026 Nemini
1139 2960 1341 3042 Propagando

104 3067 285 3150 praepositis
309 3066 530 3131 demandatum
555 3067 624 3144 luit,
648 3066 700 3150 qui
722 3067 753 3129 in
776 3065 918 3132 Comitiis
942 3065 1056 3130 habitis
1078 3063 1127 3129 die
1150 3065 1202 3128 21.
1224 3062 1341 3147 Aprilis

105 3169 196 3251 buius
220 3171 289 3234 anni
316 3174 437 3235 matura
461 3189 497 3234 ac
520 3169 662 3252 diligenti
683 3169 921 3254 investigatione
944 3167 1107 3245 instituta,
1137 3186 1174 3232 ea
1200 3185 1279 3249 quae
1302 3165 1340 3229 ab

106 3273 342 3358 Archiepiecopo
364 3275 394 3341 S.
420 3275 508 3342 Pauli
530 3278 655 3359 peracta
675 3278 758 3353 aurit,
781 3276 865 3339 ornni
883 3274 939 3339 sub
956 3275 1095 3357 respectu
1112 3269 1341 3358 perpendentes,

103 3381 232 3444 attentis
256 3380 462 3462 peculiaribus
484 3380 638 3464 adjunctis
662 3398 717 3445 neo
738 3399 796 3445 nou
822 3379 911 3444 modo
941 3379 973 3443 et
1000 3377 1099 3461 pactis
1128 3375 1238 3459 quibus
1270 3393 1339 3438 oon·

103 3483 206 3549 ventio
226 3487 304 3552 inita
329 3487 404 3563 luit,
429 3507 557 3571 sequens
580 3487 729 3552 edendum
752 3487 935 3552 censuerunt
955 3483 1137 3560 Decretum,
1162 3481 1267 3546 eadem
1292 3480 1341 3566 dis

100 3591 267 3658 aSunrmo
294 3593 440 3657 Pantilius
463 3593 684 3674 adprobatum:
719 3591 850 3656 >Firmis
878 3589 909 3654 in
939 3608 993 3653 suo
1017 3589 1123 3654 robore
1145 3585 1341 3652 manentibus

102 3697 240 3762 Decretis
265 3696 468 3763 Consiliorum
492 3695 763 3760 Raltimorensium
787 3715 880 3777 super
901 3693 1021 3758 scholas
1044 3690 1245 3774 parochiales,
1268 3707 1337 3753 oon-

100 3801 203 3864 reutio
223 3801 335 3866 initas
353 3801 387 3866 R.
407 3801 440 3867 P.
458 3801 493 3866 D.
515 3799 633 3866 Joanue
652 3798 773 3864 lreland
796 3799 893 3862 relate
917 3797 954 3862 ud
976 3794 1097 3860 soboles
1119 3793 1157 3857 de
1172 3792 1342 3858 Passurus

99 3909 131 3968 et
160 3905 346 3982 Stillwalcr,
381 3905 536 3987 perpensis
570 3902 711 3968 omnibus
746 3901 1009 3980 circumstantiis,
1046 3897 1173 3964 tolerari
1208 3896 1337 3980 potest«

99 4010 188 4072 Hanc
212 4012 314 4073 autem
339 4009 528 4074 occasionem
554 4007 636 4072 nacti
665 4007 734 4072 dmi
769 4007 876 4070 Patres
903 4007 987 4070 eolre
1010 4002 1244 4070 Venerabilibus
1267 4001 1337 4066 Sta·

100 4121 187 4176 tuum
214 4113 452 4178 Foederatorum
481 4115 638 4198 Episcopis
658 4111 912 4179 commendarunt
935 4111 970 4175 ut
992 4109 1170 4193 perperent,
1194 4104 1340 4190 quemad-

100 4220 223 4282 modum
248 4220 431 4301 praestitum
458 4222 558 4285 luerat
582 4221 750 4302 hucusque,
774 4237 808 4280 eo
833 4213 973 4281 concordi
997 4213 1101 4280 studio
1120 4212 1251 4278 salutem
1274 4210 1340 4275 ani-

100 4343 216 4385 marum
250 4323 309 4386 sibi
339 4323 568 4388 cornrnissarum
600 4326 632 4388 et
662 4324 774 4386 bonum
804 4318 963 4404 religionis
992 4336 1172 4402 procurare,
1204 4333 1264 4399 quo
1293 4315 1341 4379 tot

99 4427 217 4490 meritis
248 4447 337 4492 suum
374 4429 404 4490 in
440 4429 610 4492 christiana
647 4426 802 4510 republica
837 4443 967 4499 nomeu,
1000 4424 1065 4488 Deo
1096 4423 1240 4505 jurante,
1274 4419 1338 4503 jam

97 4529 314 4597 honestarunt.
343 4531 422 4596 Sane
447 4533 521 4598 baec
544 4533 714 4598 animorum
739 4531 910 4613 viriumque
934 4525 1109 4612 conjunctio
1125 4542 1160 4588 eo
1175 4524 1223 4588 rel
1240 4521 1341 4605 magis

97 4635 249 4700 lirmauda
268 4620 299 4700 et
320 4635 520 4701 custodienda
542 4639 606 4714 est,
629 4655 688 4720 quo
712 4635 830 4720 magis,
856 4635 901 4699 uti
926 4651 1006 4698 nunc
1029 4626 1198 4710 contingit,
1222 4643 1339 4689 errores
