3268 4894
246 263 307 333 180
362 283 454 340 Poen.
472 301 523 354 ap.
541 280 586 339 24.
606 283 686 355 Sept.
704 281 779 339 1887
798 283 834 338 de
852 279 915 338 iad.
936 282 1013 338 calb.
1035 278 1140 354 quoad
1158 277 1270 338 divort.
1289 279 1372 337 civil.

244 475 386 541 processu
423 455 560 540 judiciali
598 457 738 540 peritiam
776 476 867 540 quam
903 455 1009 539 callet)
1042 457 1155 520 iterum
1187 455 1316 521 lortasse
1345 453 1403 538 ipsi
1433 455 1483 520 oi-

244 559 370 625 teretur.

347 665 541 749 Quapropter
562 663 741 746 suppliciter
764 662 842 746 petit
863 665 898 727 ut
917 662 977 728 sibi
993 665 1062 728 tuta
1078 662 1189 746 agendi
1206 682 1312 729 norma
1327 662 1484 742 tradatur,

244 773 276 832 et
298 768 472 851 expostulat
498 767 683 852 Episcopus:

351 873 382 936 1ο
410 875 460 938 An
486 871 595 955 judex,
628 870 793 936 dnmmodo
821 871 1007 937 catholicam
1031 870 1202 938 doctrinam
1226 870 1265 936 de
1288 870 1485 937 matrimonio

244 977 342 1059 deque
365 975 465 1041 causis
486 975 768 1041 matrimonialibus
791 973 829 1039 ad
853 975 932 1040 solos
952 974 1071 1058 iudices
1089 974 1312 1040 ecclesiasticos
1328 975 1484 1059 pertinen-

243 1081 328 1145 tibus
351 1079 453 1163 palam
476 1078 665 1162 profiteatur,
688 1081 782 1162 atque
805 1078 883 1143 nibil
905 1079 990 1143 aliud
1007 1078 1148 1143 intendat
1165 1081 1377 1161 praeterquam
1394 1078 1485 1145 civile

244 1183 433 1250 matrimonii
461 1182 616 1248 vinculum
642 1184 777 1260 solvere,
807 1185 901 1267 queat
930 1183 1015 1248 licite
1039 1183 1118 1247 terre
1139 1182 1324 1248 sententiam
1348 1183 1485 1260 niverni,

243 1290 338 1352 etiarn
362 1287 482 1371 qnando
507 1288 736 1353 matrimonium
760 1287 801 1351 sit
825 1287 960 1352 validum
983 1305 1085 1352 coram
1107 1286 1270 1352 Ecclesia?

347 1393 383 1456 2⁰
403 1393 452 1456 An
472 1391 657 1456 sententiam
680 1390 805 1455 divortii
829 1391 926 1474 possit
949 1390 1035 1456 licite
1059 1391 1155 1469 terre,
1185 1389 1307 1474 qnando
1327 1390 1413 1455 nulla
1433 1391 1483 1455 iu-

244 1497 371 1562 tereidit
391 1513 427 1560 er
445 1494 490 1560 eis
510 1494 682 1560 rationibus
701 1513 778 1578 quas
797 1495 848 1578 Jus
871 1495 1050 1560 canonicum
1074 1494 1203 1578 requirit
1223 1513 1276 1577 pro
1291 1493 1486 1578 separatione

243 1600 343 1684 quoad
365 1604 467 1664 torum
488 1601 522 1664 et
544 1599 794 1664 habitationem?

347 1705 383 1768 8ο
406 1705 455 1768 An
475 1721 552 1767 onrrs
574 1701 821 1786 dignitatemque
843 1701 993 1786 praesidis
1017 1687 1182 1768 tribunalis
1205 1701 1305 1767 civilis
1319 1701 1417 1786 possit
1432 1721 1485 1766 ac·

244 1809 376 1892 reptare
401 1826 470 1872 cnm
487 1809 678 1890 perspectum
697 1806 812 1871 habeat
827 1806 906 1888 qnod
921 1806 992 1872 inde
1007 1807 1067 1870 erit
1082 1807 1271 1872 constitutus
1286 1807 1318 1870 in
1337 1806 1486 1872 strictiori

245 1913 429 1976 necessitate
451 1909 569 1975 terendi
591 1910 712 1994 saepius
735 1911 920 1975 sententiam
941 1911 1092 1976 divortii?

346 2016 492 2080 Sanctam
516 2013 624 2080 Ssdem
645 2013 854 2098 Apostolicam
878 2015 964 2079 enixe
986 2016 1131 2098 deprecor
1162 2017 1196 2079 ut
1222 2015 1284 2079 tria
1313 2015 1382 2091 illa,
1414 2017 1485 2097 qui-

246 2121 302 2184 bus
326 2118 541 2184 molestissime
562 2117 702 2193 deseror,
725 2117 820 2184 dubia
842 2121 983 2184 excutere
1000 2118 1157 2203 dignetur.

346 2223 532 2289 Sanctitatis
555 2222 635 2288 Suae

727 2325 929 2392 Humillimns
945 2375 954 2392 .
971 2375 979 2391 .
997 2377 1004 2390 .

507 2431 533 2496 N
554 2481 560 2496 .
579 2477 631 2509 ..‚
654 2430 702 2495 die
727 2431 777 2497 26.
802 2431 918 2514 Aprilis
943 2431 1036 2496 1887.

453 2571 487 2637 B.
534 2567 740 2652 Responsum

557 2689 635 2757 llme
658 2709 694 2755 ac
720 2689 794 2755 lime
818 2689 893 2758 Due.

347 2811 479 2878 Oblatae
509 2815 582 2877 sunt
609 2811 698 2895 Supr.
727 2812 799 2878 hnic
829 2811 949 2896 Gongui
979 2811 1010 2880 8.
1034 2812 1070 2880 0.
1099 2813 1222 2878 litterae
1245 2813 1373 2897 Amplit.
1398 2813 1485 2879 Tuae

244 2919 301 2983 snb
323 2918 373 2981 die
393 2918 444 2982 26.
461 2916 566 3000 aprilis
580 2936 659 2984 cunr.
675 2936 736 2994 an,
755 2916 866 3000 quibns
882 2915 976 2981 dubia
991 2917 1139 2981 nonnulla
1155 2917 1296 3000 proponis
1315 2918 1483 2983 inlaustam

244 3009 367 3086 ¹diuortii
392 3021 491 3106 legem
516 3021 721 3103 respicientia.
755 3019 873 3101 Quibus
897 3019 1023 3096 auditis,
1047 3021 1116 3085 llmi
1139 3020 1206 3090 DD.
1225 3021 1406 3086 cardinales
1423 3041 1485 3086 nna

244 3145 362 3190 mecum
389 3124 587 3208 inquisitores
610 3124 769 3208 generales
791 3123 868 3188 leria
885 3124 938 3190 IV.
960 3123 1009 3188 die
1028 3123 1070 3188 20
1088 3143 1168 3190 cnrr.
1186 3145 1282 3191 mens.
1298 3128 1484 3192 censuerunt

243 3227 437 3294 excitandum
461 3247 527 3292 asse
550 3246 743 3311 summopere
767 3228 806 3291 ab
831 3227 932 3311 Ampl.
957 3227 1025 3292 'l'na
1047 3227 1197 3302 indicem,
1221 3227 1342 3310 dequo
1368 3228 1484 3309 agitur,

244 3337 279 3396 ut
298 3333 328 3396 in
350 3331 450 3395 cilicio
471 3335 653 3414 perseueret,
676 3331 788 3398 stando
811 3331 1049 3396 resolutionibus
1073 3331 1135 3394 inm
1159 3331 1242 3395 datis
1265 3351 1283 3395 a
1305 3329 1336 3395 S.
1354 3329 1431 3394 Sede
1451 3335 1484 3394 et
1615 3331 1616 3378 i

243 3434 392 3500 adhibitis
414 3435 555 3512 cautelis,
578 3453 698 3518 quaes
721 3434 836 3499 virtute
859 3434 1041 3516 prudentiae
1064 3435 1244 3501 suadentur.

351 3539 407 3602 Die
429 3540 479 3604 26.
501 3537 581 3604 Julii
607 3539 698 3604 1887.

1057 3641 1093 3708 u.
1118 3641 1208 3707 card.
1233 3642 1379 3710 Mcraooo.

452 3797 477 3852 3.
498 3795 526 3850 S.
549 3795 631 3851 Poen.
649 3812 691 3866 ap.
709 3794 735 3849 d.
754 3795 797 3851 21.
814 3794 890 3864 Sept.
910 3795 976 3851 1887
995 3795 1029 3851 de
1045 3795 1139 3852 eadem
1157 3795 1276 3864 musal).

453 3911 491 3974 A.
522 3907 727 3992 Supplicotrb.

558 4030 740 4096 Beatissimo
765 4029 875 4098 Patorl

350 4151 377 4216 N
395 4201 402 4217 .
420 4203 452 4219 ..
477 4151 682 4231 tucionensis,
706 4153 794 4235 cnjus
817 4153 1046 4218 matrimonium
1071 4153 1209 4220 ualidum
1229 4153 1290 4218 luit
1306 4173 1409 4219 coram
1428 4153 1486 4219 Ec·

244 4255 356 4332 alesia,
379 4256 545 4321 divortium
567 4255 748 4340 postulavit,
772 4257 862 4340 juxta
885 4257 1047 4324 uelandam
1069 4259 1170 4342 legem
1192 4277 1271 4342 quae
1293 4273 1374 4322 nunc
1398 4257 1484 4340 viget

351 4467 377 4532 1)
395 4463 430 4520 lrl.
449 4465 505 4536 ngl.
522 4465 586 4520 iiber
603 4464 677 4520 dicae
696 4463 784 4535 Frage
808 4484 900 4522 ausser
920 4467 980 4522 dem
999 4465 1195 4522 vorstebouden
1217 4465 1263 4521 Νι.
1285 4467 1302 4521 2
1324 4466 1369 4521 die
1391 4467 1487 4523 lrllher

243 4553 447 4622 mitgetbeilteu
468 4551 704 4621 llntsoheidunpen
721 4553 757 4606 im
779 4556 890 4608 ¹lrcbin
910 4553 979 4609 xm.
996 4553 1045 4608 183
1061 4555 1089 4615 l.,
1108 4553 1241 4608 1111477
1259 4551 1349 4622 (nebat
1360 4551 1407 4609 der
1419 4555 1486 4610 troi·

245 4636 343 4693 lenden
362 4637 453 4692 llritit
470 4639 553 4694 LVII.
574 4639 684 4707 1931),
708 4637 789 4694 buu.
808 4639 866 4696 177.
910 4639 960 4694 Die
983 4658 1017 4694 an
1040 4640 1168 4696 letaterer
1185 4639 1271 4694 Stella
1294 4641 1483 4714 mltgetlreilte
1612 4723 1613 4734 χ
