3264 4914
302 307 358 364 Die
377 307 563 362 lrirclrlo'clrea
584 305 836 374 Beslimmrmpea
856 303 932 358 uber
949 306 999 360 die
1020 305 1289 374 Messalipeadiea.
1354 285 1414 352 271

281 480 347 544 dui
366 479 415 542 die
437 477 556 561 Frage:
582 477 726 542 Potestne
747 475 889 542 sacerdos
912 495 1029 555 curare,
1054 477 1089 542 ut
1112 476 1227 542 Missae
1248 477 1416 556 manuales,

174 603 250 668 quas
273 604 291 648 a
314 582 456 647 fidelibus
480 581 613 664 undique
635 579 835 645 celebrandas
856 579 987 664 accipit,
1016 599 1070 663 per
1101 580 1178 646 alios
1213 580 1415 658 celebrentur,

175 691 295 753 retenta
319 690 406 770 purte
429 685 575 767 stipendii
594 705 655 766 pro
677 685 754 750 beno
777 683 898 765 epae?
932 682 1058 766 Semper
1081 685 1279 769 intelligitur,
1302 683 1412 750 Sacer-

175 793 261 856 dotes
290 791 476 855 substitutos
507 788 651 853 certiores
683 787 747 851 lieri
772 786 809 850 de
832 786 930 868 partis
966 789 1137 853 retentione
1167 790 1198 853 et
1234 807 1414 853 eonsensum
1499 800 1503 808 ’

175 896 270 959 libere
293 894 428 972 dedisse,
453 894 635 957 antuortete
656 891 705 954 die
729 889 759 955 S.
785 889 818 954 0.
842 889 875 955 C.
900 908 949 954 am
973 890 1024 955 20.
1050 895 1174 975 August
1198 892 1301 957 1860:
1333 892 1414 957 Con·

174 1000 258 1063 solat
289 999 465 1080 theologos,
498 995 678 1078 praesertim
706 994 735 1061 S.
761 994 952 1078 Alpbonsum
977 995 1128 1061 Tractutu
1153 997 1210 1074 13,
1241 996 1278 1062 de
1307 995 1414 1062 Sacru-

175 1103 277 1168 mento
301 1102 513 1167 Eucharistiae
536 1120 601 1184 cap.
627 1099 645 1163 7
669 1101 700 1164 et
725 1098 871 1164 Benediot
887 1097 970 1163 XIV.
993 1097 1030 1164 de
1052 1099 1124 1184 Syn.
1149 1099 1278 1166 dioeces.
1303 1101 1357 1165 lib.
1378 1101 1412 1166 l.

174 1225 241 1287 cap.
264 1207 284 1270 9
310 1206 429 1270 eteius
453 1204 583 1271 constit.
618 1205 746 1286 Quanta
776 1224 854 1267 eura
885 1220 1050 1285 eorumque
1085 1203 1247 1267 sententiis
1281 1223 1313 1269 se
1342 1222 1415 1269 eon-

175 1309 295 1376 formet.
343 1309 451 1374 Dieser
480 1307 546 1371 lali
575 1308 618 1370 ist
648 1304 840 1371 uusiibrlicb
866 1305 1059 1389 mitgetbeilt
1086 1305 1147 1369 und
1170 1307 1357 1389 besprocben
1382 1307 1413 1372 in

176 1413 234 1476 den
257 1411 337 1477 Acta
360 1412 390 1477 S.
410 1411 496 1476 Sedis
521 1411 578 1475 vol.
602 1409 660 1476 Ill.
685 1429 754 1492 pag.
779 1409 960 1474 555-560.

281 1515 342 1578 Der
377 1514 441 1579 not
474 1514 535 1578 uod
572 1513 885 1595 Generulproenrator
915 1513 968 1576 der
999 1512 1199 1595 Tmppisteu,
1232 1513 1414 1580 Franciseus

174 1621 268 1702 Regis
293 1620 366 1683 bate
388 1618 442 1684 der
463 1619 494 1684 S.
518 1617 550 1684 C.
575 1617 608 1682 O.
634 1615 796 1699 folgenden
822 1616 887 1680 sall
911 1615 1089 1699 vorgelegt:
1115 1617 1281 1698 Quaeritur
1299 1620 1413 1702 saepis-

173 1725 251 1788 sime
275 1723 313 1788 ab
336 1722 483 1801 Oratore,
515 1740 552 1785 an
577 1721 740 1797 Sacerdos,
771 1720 823 1803 qui
849 1719 969 1803 accepit
991 1739 1151 1785 numerum
1176 1721 1339 1786 Missurum
1364 1741 1414 1788 ce-

174 1826 392 1891 lebrandarum
419 1845 487 1891 curn
518 1825 710 1909 eleemosyna
741 1823 855 1909 viginti
886 1823 1042 1889 obolorum
1067 1843 1120 1906 pro
1142 1825 1281 1907 qualibet
1304 1825 1413 1903 Missa,

173 1949 284 2014 easque
308 1949 413 1995 ornnes
435 1931 543 2013 nequit
566 1929 731 2004 celebrare,
755 1927 853 2010 possit
872 1929 943 1993 tutu
959 1927 1148 1993 conscientia
1164 1929 1284 2012 aliquas
1300 1929 1414 1995 Missus

172 2035 217 2098 sic
241 2037 382 2116 acceptus
404 2033 594 2098 retrocedere
617 2032 687 2096 aliis
710 2030 925 2096 Sacerdotibus
948 2030 1157 2107 celebrandus,
1179 2033 1254 2115 ipsis
1269 2033 1414 2100 solvendo

172 2138 387 2202 tantummodo
409 2136 512 2202 obolos
535 2134 708 2219 quindecim
733 2154 787 2218 pro
807 2134 947 2218 qualibet
968 2133 1075 2206 Missa,
1099 2134 1176 2200 ulios
1193 2154 1263 2200 vere
1279 2137 1413 2219 quinque

172 2243 275 2306 obolos
302 2245 338 2308 ia
368 2243 479 2308 bonum
501 2247 530 2307 et
550 2241 713 2307 aedilitatem
736 2239 897 2317 eeeMsioe,
928 2241 1019 2304 euius
1045 2245 1145 2304 rector
1173 2245 1234 2317 est,
1262 2243 1414 2324 erogare?

177 2346 297 2409 Durani
316 2345 447 2427 eriolgte
476 2363 527 2408 am
554 2344 602 2408 le.
626 2342 747 2409 dannar
770 2343 819 2408 die
844 2345 1003 2408 bntnort:
1031 2341 1061 2408 S.
1090 2342 1297 2426 congregatio
1328 2343 1414 2408 Mmi-

173 2449 423 2514 nentissimorum
446 2449 476 2514 S.
499 2449 535 2513 R.
552 2449 586 2514 It.
613 2446 821 2513 cardinalium
846 2446 975 2512 Consilii
999 2445 1171 2511 Tridentini
1193 2446 1412 2530 interpretum,

172 2553 357 2618 inhaerendo
381 2552 616 2618 resolutionibus
640 2551 718 2616 olias
741 2552 773 2614 in
796 2551 950 2616 similibus
973 2550 1065 2616 editis
1088 2553 1296 2635 suprascripto
1318 2551 1412 2617 dubio

171 2657 291 2723 censuit
306 2657 566 2739 respondendnm:
589 2657 752 2740 Negatiue.
777 2655 851 2742 (cn.
868 2657 947 2720 Aeta
958 2655 989 2721 S.
1003 2655 1090 2720 Sedis
1104 2656 1160 2721 vol.
1175 2656 1228 2722 lV.
1241 2675 1310 2741 pag.
1324 2657 1411 2740 537).

274 2761 313 2825 lis
336 2764 377 2826 ist
401 2761 458 2824 den
484 2761 646 2826 Riscboien
664 2780 721 2824 nur
739 2761 820 2825 dunn
838 2760 970 2834 erlaubt,
994 2760 1125 2824 nondun
1146 2760 1410 2842 Messstipendieu,

171 2863 285 2927 nelebe
307 2863 356 2928 die
379 2864 555 2948 Gltubigen
578 2863 761 2929 borribmten
781 2863 916 2930 Kirebeu
939 2862 1244 2948 (Walllubrtsorten)
1259 2884 1294 2928 au
1312 2865 1410 2948 geben

171 2967 307 3049 pdegen,
343 2967 430 3030 einen
454 2967 544 3032 Tbeil
575 2966 776 3045 abauaiehen,
813 2949 865 3031 um
902 2966 1006 3030 diesen
1039 2989 1100 3032 aar
1132 2967 1413 3050 Aasscbmr'c'cleuag

169 3071 273 3135 dieser
301 3071 444 3136 Kiretea
470 3089 506 3134 zu
537 3068 729 3146 nersenden,
761 3069 811 3133 die
835 3069 907 3134 luein
927 3069 1048 3152 eigenes
1073 3069 1274 3135 Minlromrnen
1299 3073 1409 3151 beben,

171 3173 241 3238 ialls
273 3173 322 3237 die
353 3173 627 3256 Stipendiengeber
659 3172 764 3237 bierzu
795 3173 861 3237 ibre
893 3173 1113 3256 Minsillignng
1139 3174 1277 3256 gegeben
1302 3177 1410 3244 buben.

274 3287 302 3351 5.
329 3285 400 3349 Mun
424 3305 507 3350 muse
532 3286 579 3350 bei
604 3286 766 3350 Annabrne
787 3303 845 3349 von
861 3283 1039 3368 Stipendien
1057 3285 1169 3350 durani
1183 3280 1318 3349 beducbt
1333 3280 1407 3359 sein,

170 3389 239 3452 dass
261 3407 330 3453 man
354 3389 397 3454 sie
419 3393 454 3455 a'u
474 3390 559 3455 nieht
575 3411 636 3473 pur
650 3411 690 3454 aa
709 3389 818 3472 tunger
832 3389 902 3454 Zeit
918 3388 1114 3471 persolnirea
1131 3389 1238 3454 kenne.
1273 3387 1411 3452 lileemo·

168 3510 261 3574 synas
293 3493 451 3557 manuales
485 3495 516 3556 et
549 3493 745 3576 quotidianas
778 3511 832 3575 pro
867 3491 970 3556 Missis
993 3491 1185 3558 celebrandis
1206 3491 1251 3556 itu
1274 3492 1411 3574 accipere

169 3595 305 3679 possint,
328 3596 352 3660 si
374 3596 515 3661 oneribus
537 3599 609 3661 ante
629 3595 781 3678 impositis
805 3595 850 3660 itu
871 3595 1093 3675 satisfecerint,
1125 3597 1161 3661 ut
1190 3615 1269 3661 nora
1290 3614 1411 3679 quoque

169 3718 261 3762 onera
284 3699 436 3781 suscipere
461 3700 599 3776 valeant,
637 3699 772 3783 alioquin
804 3699 927 3765 omuino
958 3699 1136 3764 abstineant
1167 3699 1205 3763 ab
1234 3699 1410 3764 huiusmodi

169 3801 371 3887 eleemosynis
401 3803 496 3867 etiam
526 3805 634 3885 sponte
656 3803 768 3868 oblatis
791 3804 824 3867 in
847 3803 988 3868 loturum
1012 3803 1204 3887 recipiendis.
1251 3801 1293 3883 (S.
1317 3802 1351 3869 C.
1375 3801 1410 3869 G.

170 3905 221 3972 21:
244 3904 332 3972 Jnuii
358 3905 441 3971 1625
466 3927 494 3971 n.
519 3905 562 3986 9).

274 4011 338 4074 Aut
357 4010 407 4074 die
431 4011 576 4094 Anfrage,
601 4012 638 4076 ob
660 4011 756 4076 durch
780 4011 878 4076 dieses
903 4011 1014 4076 Deeret
1038 4011 1160 4076 absolut
1176 4011 1225 4075 die
1245 4010 1408 4076 Annabme

168 4132 261 4178 neuen
283 4113 460 4197 Stipendien
482 4133 515 4178 so
538 4114 630 4199 lunge
655 4115 799 4180 verboten
823 4115 876 4192 sei,
902 4115 948 4179 als
972 4133 1044 4180 man
1059 4115 1109 4180 die
1125 4113 1208 4179 alten
1227 4114 1304 4180 noch
1321 4114 1409 4179 nicht

169 4217 334 4300 persolsirt
358 4219 445 4294 babo,
470 4220 652 4284 autnortete
676 4219 725 4284 die
748 4218 779 4284 S.
800 4219 832 4285 C.
850 4217 884 4283 C.
909 4218 939 4282 iu
961 4218 1017 4283 der
1040 4217 1210 4283 declaratio
1231 4218 1272 4283 X.
1297 4218 1335 4282 ad
1357 4217 1411 4281 de·

168 4325 254 4386 crota
275 4322 303 4388 d.
331 4323 360 4387 d.
385 4323 435 4386 21.
461 4323 548 4387 dunii
573 4323 676 4388 1625:
709 4323 776 4387 Non
800 4321 953 4404 prohiberi
979 4321 1140 4387 absolute:
1172 4341 1207 4386 ac
1239 4323 1408 4405 propterea,

168 4425 225 4489 etsi
247 4427 390 4490 oneribus
410 4426 471 4491 ium
496 4427 646 4511 susceptis
669 4446 728 4491 non
750 4426 966 4504 satisfecerint,
989 4445 1076 4509 posse
1098 4429 1202 4490 tamen
1219 4443 1297 4490 nova
1313 4425 1409 4488 etiarn

167 4547 260 4593 onera
281 4531 434 4611 suscipere
460 4530 627 4595 Missurum
650 4531 920 4609 celebrandarum,
954 4529 1119 4596 damarodo
1142 4529 1232 4614 infra
1255 4527 1410 4594 modicum

168 4639 287 4716 tempus
310 4634 428 4720 possint
448 4633 591 4702 omnibus
613 4633 802 4708 satisfecere.
