<?xml version="1.0" encoding="UTF-8"?>
<!DOCTYPE html PUBLIC "-//W3C//DTD XHTML 1.0 Transitional//EN"
    "http://www.w3.org/TR/xhtml1/DTD/xhtml1-transitional.dtd">
<html xmlns="http://www.w3.org/1999/xhtml" xml:lang="en" lang="en">
 <head>
  <title>
</title>
<meta http-equiv="Content-Type" content="text/html;charset=utf-8" />
  <meta name='ocr-system' content='tesseract 3.04.00' />
  <meta name='ocr-capabilities' content='ocr_page ocr_carea ocr_par ocr_line ocrx_word'/>
</head>
<body>
  <div class='ocr_page' id='page_1' title='image "./archivfrkatholi14unkngoog/archivfrkatholi14unkngoog_0292.png"; bbox 0 0 3264 4914; ppageno 0'>
   <div class='ocr_carea' id='block_1_1' title="bbox 175 299 1413 394">
    <p class='ocr_par' dir='ltr' id='par_1_1' title="bbox 175 299 1413 394">
     <span class='ocr_line' id='line_1_1' title="bbox 175 299 1413 394; baseline 0 -21"><span class='ocrx_word' id='word_1_1' title='bbox 175 316 286 394; x_wconf 78' lang='lat' dir='ltr'>Conpr.</span> <span class='ocrx_word' id='word_1_2' title='bbox 304 319 393 376; x_wconf 77' lang='lat' dir='ltr'>conc.</span> <span class='ocrx_word' id='word_1_3' title='bbox 412 320 449 375; x_wconf 82' lang='lat' dir='ltr'>dc</span> <span class='ocrx_word' id='word_1_4' title='bbox 467 320 583 376; x_wconf 81' lang='grc'><strong>881888</strong></span> <span class='ocrx_word' id='word_1_5' title='bbox 601 319 672 374; x_wconf 80' lang='lat' dir='ltr'>cccl.</span> <span class='ocrx_word' id='word_1_6' title='bbox 693 317 812 375; x_wconf 85' lang='grc'><strong>888888.</strong></span> <span class='ocrx_word' id='word_1_7' title='bbox 831 332 902 372; x_wconf 86' lang='lat' dir='ltr'>cum</span> <span class='ocrx_word' id='word_1_8' title='bbox 920 317 1047 372; x_wconf 82' lang='grc'><strong>81188118</strong></span> <span class='ocrx_word' id='word_1_9' title='bbox 1068 319 1134 373; x_wconf 88' lang='lat' dir='ltr'>ord.</span> <span class='ocrx_word' id='word_1_10' title='bbox 1153 316 1182 372; x_wconf 89' lang='lat' dir='ltr'>S.</span> <span class='ocrx_word' id='word_1_11' title='bbox 1200 317 1309 374; x_wconf 79' lang='lat' dir='ltr'>Bcocd</span> <span class='ocrx_word' id='word_1_12' title='bbox 1350 299 1413 366; x_wconf 79' lang='grc'>287</span> 
     </span>
    </p>
   </div>
   <div class='ocr_carea' id='block_1_2' title="bbox 277 489 1325 575">
    <p class='ocr_par' dir='ltr' id='par_1_2' title="bbox 277 489 1325 575">
     <span class='ocr_line' id='line_1_2' title="bbox 277 489 1325 575; baseline 0.004 -20"><span class='ocrx_word' id='word_1_13' title='bbox 277 490 356 556; x_wconf 83' lang='lat' dir='ltr'>Eme</span> <span class='ocrx_word' id='word_1_14' title='bbox 375 498 403 557; x_wconf 83' lang='grc'>81</span> <span class='ocrx_word' id='word_1_15' title='bbox 425 490 506 557; x_wconf 88' lang='lat' dir='ltr'>Rmo</span> <span class='ocrx_word' id='word_1_16' title='bbox 529 490 604 558; x_wconf 78' lang='lat' dir='ltr'>Duo</span> <span class='ocrx_word' id='word_1_17' title='bbox 628 489 901 556; x_wconf 70' lang='grc' dir='ltr'><strong>(1811818808νᾶ.</strong></span> <span class='ocrx_word' id='word_1_18' title='bbox 924 489 1081 571; x_wconf 73' lang='lat' dir='ltr'>Sunsclicc</span> <span class='ocrx_word' id='word_1_19' title='bbox 1103 489 1202 558; x_wconf 80' lang='lat' dir='ltr'>Aret.</span> <span class='ocrx_word' id='word_1_20' title='bbox 1226 490 1325 575; x_wconf 74' lang='lat' dir='ltr'>Neop.</span> 
     </span>
    </p>
   </div>
   <div class='ocr_carea' id='block_1_3' title="bbox 279 637 827 722">
    <p class='ocr_par' dir='ltr' id='par_1_3' title="bbox 279 637 827 722">
     <span class='ocr_line' id='line_1_3' title="bbox 279 637 827 722; baseline -0.004 -18"><span class='ocrx_word' id='word_1_21' title='bbox 279 637 386 704; x_wconf 81' lang='lat' dir='ltr'>Dubia</span> <span class='ocrx_word' id='word_1_22' title='bbox 410 639 564 722; x_wconf 88' lang='lat' dir='ltr'>proposita</span> <span class='ocrx_word' id='word_1_23' title='bbox 588 639 663 703; x_wconf 87' lang='lat' dir='ltr'>haee</span> <span class='ocrx_word' id='word_1_24' title='bbox 686 637 827 703; x_wconf 86' lang='lat' dir='ltr'>luerunt:</span> 
     </span>
    </p>
   </div>
   <div class='ocr_carea' id='block_1_4' title="bbox 435 778 607 854">
    <p class='ocr_par' dir='ltr' id='par_1_4' title="bbox 435 778 607 854">
     <span class='ocr_line' id='line_1_4' title="bbox 435 778 607 854; baseline 0.006 -12"><span class='ocrx_word' id='word_1_25' title='bbox 435 779 509 843; x_wconf 84' lang='grc'><strong>8888</strong></span> <span class='ocrx_word' id='word_1_26' title='bbox 531 778 607 854; x_wconf 85' lang='lat' dir='ltr'>Due,</span> 
     </span>
    </p>
   </div>
   <div class='ocr_carea' id='block_1_5' title="bbox 171 905 1411 1096">
    <p class='ocr_par' dir='ltr' id='par_1_5' title="bbox 171 905 1411 1096">
     <span class='ocr_line' id='line_1_5' title="bbox 274 905 1411 992; baseline -0.001 -18"><span class='ocrx_word' id='word_1_27' title='bbox 274 905 422 974; x_wconf 82' lang='lat' dir='ltr'>Sacerdos</span> <span class='ocrx_word' id='word_1_28' title='bbox 438 907 512 975; x_wconf 85' lang='lat' dir='ltr'>N..</span> <span class='ocrx_word' id='word_1_29' title='bbox 528 957 551 988; x_wconf 89' lang='lat'>.,</span> <span class='ocrx_word' id='word_1_30' title='bbox 575 906 614 973; x_wconf 88' lang='lat' dir='ltr'>ad</span> <span class='ocrx_word' id='word_1_31' title='bbox 631 926 731 992; x_wconf 86' lang='lat' dir='ltr'>genua</span> <span class='ocrx_word' id='word_1_32' title='bbox 748 906 941 972; x_wconf 73' lang='lat' dir='ltr'>Eminentius</span> <span class='ocrx_word' id='word_1_33' title='bbox 956 905 1084 972; x_wconf 81' lang='lat' dir='ltr'>Vestrae</span> <span class='ocrx_word' id='word_1_34' title='bbox 1101 907 1289 991; x_wconf 74' lang='lat' dir='ltr'>provolutus,</span> <span class='ocrx_word' id='word_1_35' title='bbox 1306 907 1411 987; x_wconf 91' lang='lat' dir='ltr'>dubia,</span> 
     </span>
     <span class='ocr_line' id='line_1_6' title="bbox 171 1010 1369 1096; baseline 0.003 -22"><span class='ocrx_word' id='word_1_36' title='bbox 171 1031 250 1095; x_wconf 90' lang='lat' dir='ltr'>quae</span> <span class='ocrx_word' id='word_1_37' title='bbox 275 1012 446 1095; x_wconf 88' lang='lat' dir='ltr'>sequuntur</span> <span class='ocrx_word' id='word_1_38' title='bbox 468 1013 598 1096; x_wconf 82' lang='lat' dir='ltr'>exponit,</span> <span class='ocrx_word' id='word_1_39' title='bbox 621 1013 653 1077; x_wconf 92' lang='lat' dir='ltr'>ct</span> <span class='ocrx_word' id='word_1_40' title='bbox 676 1029 864 1096; x_wconf 87' lang='lat' dir='ltr'>responsum,</span> <span class='ocrx_word' id='word_1_41' title='bbox 888 1011 1048 1093; x_wconf 80' lang='lat' dir='ltr'><strong>tamquam</strong></span> <span class='ocrx_word' id='word_1_42' title='bbox 1072 1029 1091 1076; x_wconf 92' lang='lat' dir='ltr'>a</span> <span class='ocrx_word' id='word_1_43' title='bbox 1116 1010 1188 1090; x_wconf 88' lang='lat' dir='ltr'>Deo,</span> <span class='ocrx_word' id='word_1_44' title='bbox 1210 1013 1369 1094; x_wconf 84' lang='lat' dir='ltr'>expectat:</span> 
     </span>
    </p>
   </div>
   <div class='ocr_carea' id='block_1_6' title="bbox 173 1122 1415 1604">
    <p class='ocr_par' dir='ltr' id='par_1_6' title="bbox 173 1122 1415 1604">
     <span class='ocr_line' id='line_1_7' title="bbox 279 1122 1414 1207; baseline 0 -20"><span class='ocrx_word' id='word_1_45' title='bbox 279 1124 301 1188; x_wconf 90' lang='lat'>1.</span> <span class='ocrx_word' id='word_1_46' title='bbox 337 1124 480 1190; x_wconf 83' lang='lat' dir='ltr'>Laureati</span> <span class='ocrx_word' id='word_1_47' title='bbox 503 1124 536 1188; x_wconf 94' lang='lat' dir='ltr'>in</span> <span class='ocrx_word' id='word_1_48' title='bbox 559 1123 653 1190; x_wconf 88' lang='lat' dir='ltr'>Sacra</span> <span class='ocrx_word' id='word_1_49' title='bbox 676 1123 863 1207; x_wconf 75' lang='lat' dir='ltr'>Theologia,</span> <span class='ocrx_word' id='word_1_50' title='bbox 888 1123 965 1188; x_wconf 78' lang='grc'><strong>1888</strong></span> <span class='ocrx_word' id='word_1_51' title='bbox 989 1123 1134 1189; x_wconf 87' lang='grc'><strong>88888188</strong></span> <span class='ocrx_word' id='word_1_52' title='bbox 1155 1125 1187 1189; x_wconf 90' lang='grc'>81</span> <span class='ocrx_word' id='word_1_53' title='bbox 1203 1122 1414 1206; x_wconf 78' lang='lat' dir='ltr'>Philosophia,</span> 
     </span>
     <span class='ocr_line' id='line_1_8' title="bbox 173 1226 1414 1310; baseline 0.002 -19"><span class='ocrx_word' id='word_1_54' title='bbox 173 1227 202 1291; x_wconf 93' lang='lat' dir='ltr'>in</span> <span class='ocrx_word' id='word_1_55' title='bbox 240 1227 408 1293; x_wconf 80' lang='lat' dir='ltr'>Academia</span> <span class='ocrx_word' id='word_1_56' title='bbox 442 1229 582 1293; x_wconf 83' lang='grc'><strong>8888888</strong></span> <span class='ocrx_word' id='word_1_57' title='bbox 613 1227 645 1295; x_wconf 88' lang='lat' dir='ltr'>S.</span> <span class='ocrx_word' id='word_1_58' title='bbox 677 1227 814 1293; x_wconf 83' lang='lat' dir='ltr'>Thomae</span> <span class='ocrx_word' id='word_1_59' title='bbox 848 1226 1032 1310; x_wconf 73' lang='lat' dir='ltr'>aquinatis,</span> <span class='ocrx_word' id='word_1_60' title='bbox 1067 1229 1233 1310; x_wconf 78' lang='lat' dir='ltr'>possuntne</span> <span class='ocrx_word' id='word_1_61' title='bbox 1268 1226 1414 1293; x_wconf 90' lang='lat' dir='ltr'>annulum</span> 
     </span>
     <span class='ocr_line' id='line_1_9' title="bbox 173 1330 1412 1414; baseline 0.002 -20"><span class='ocrx_word' id='word_1_62' title='bbox 173 1330 713 1411; x_wconf 78' lang='grc'><strong>818188881888818188811881188,</strong></span> <span class='ocrx_word' id='word_1_63' title='bbox 745 1334 777 1396; x_wconf 92' lang='lat' dir='ltr'>et</span> <span class='ocrx_word' id='word_1_64' title='bbox 807 1330 989 1414; x_wconf 90' lang='lat' dir='ltr'>praesertim</span> <span class='ocrx_word' id='word_1_65' title='bbox 1018 1331 1050 1395; x_wconf 93' lang='grc'>18</span> <span class='ocrx_word' id='word_1_66' title='bbox 1080 1331 1285 1396; x_wconf 80' lang='lat' dir='ltr'>celebratione</span> <span class='ocrx_word' id='word_1_67' title='bbox 1312 1350 1412 1397; x_wconf 87' lang='lat' dir='ltr'>sacro-</span> 
     </span>
     <span class='ocr_line' id='line_1_10' title="bbox 173 1433 1415 1519; baseline 0.003 -21"><span class='ocrx_word' id='word_1_68' title='bbox 173 1435 274 1499; x_wconf 87' lang='lat' dir='ltr'>sancti</span> <span class='ocrx_word' id='word_1_69' title='bbox 295 1433 443 1501; x_wconf 82' lang='lat' dir='ltr'>Sacrificii</span> <span class='ocrx_word' id='word_1_70' title='bbox 468 1435 610 1501; x_wconf 81' lang='lat' dir='ltr'>Missae?</span> <span class='ocrx_word' id='word_1_71' title='bbox 656 1435 711 1500; x_wconf 85' lang='lat' dir='ltr'>Vel</span> <span class='ocrx_word' id='word_1_72' title='bbox 736 1435 786 1499; x_wconf 91' lang='lat' dir='ltr'>hic</span> <span class='ocrx_word' id='word_1_73' title='bbox 810 1453 875 1499; x_wconf 92' lang='lat' dir='ltr'>mos</span> <span class='ocrx_word' id='word_1_74' title='bbox 898 1435 959 1500; x_wconf 86' lang='lat' dir='ltr'>fere</span> <span class='ocrx_word' id='word_1_75' title='bbox 982 1434 1152 1500; x_wconf 89' lang='lat' dir='ltr'>communis</span> <span class='ocrx_word' id='word_1_76' title='bbox 1175 1435 1290 1502; x_wconf 87' lang='lat' dir='ltr'>abusus</span> <span class='ocrx_word' id='word_1_77' title='bbox 1312 1434 1415 1519; x_wconf 90' lang='lat' dir='ltr'>potius</span> 
     </span>
     <span class='ocr_line' id='line_1_11' title="bbox 173 1537 417 1604; baseline 0.004 -1"><span class='ocrx_word' id='word_1_78' title='bbox 173 1539 221 1604; x_wconf 90' lang='grc'>881</span> <span class='ocrx_word' id='word_1_79' title='bbox 243 1537 417 1604; x_wconf 81' lang='lat' dir='ltr'>dicendus?</span> 
     </span>
    </p>
   </div>
   <div class='ocr_carea' id='block_1_7' title="bbox 171 1650 1415 1945">
    <p class='ocr_par' dir='ltr' id='par_1_7' title="bbox 171 1650 1415 1945">
     <span class='ocr_line' id='line_1_12' title="bbox 277 1650 1415 1734; baseline 0.002 -18"><span class='ocrx_word' id='word_1_80' title='bbox 277 1651 318 1719; x_wconf 91' lang='lat' dir='ltr'>ll.</span> <span class='ocrx_word' id='word_1_81' title='bbox 342 1652 531 1733; x_wconf 87' lang='lat' dir='ltr'>Beneficiati,</span> <span class='ocrx_word' id='word_1_82' title='bbox 556 1651 704 1728; x_wconf 89' lang='lat' dir='ltr'>canonici,</span> <span class='ocrx_word' id='word_1_83' title='bbox 728 1654 761 1717; x_wconf 93' lang='lat' dir='ltr'>et</span> <span class='ocrx_word' id='word_1_84' title='bbox 784 1650 908 1734; x_wconf 81' lang='lat' dir='ltr'>parochi</span> <span class='ocrx_word' id='word_1_85' title='bbox 924 1650 988 1716; x_wconf 84' lang='grc'><strong>1888</strong></span> <span class='ocrx_word' id='word_1_86' title='bbox 1003 1669 1108 1716; x_wconf 89' lang='lat' dir='ltr'>omues</span> <span class='ocrx_word' id='word_1_87' title='bbox 1124 1652 1155 1716; x_wconf 93' lang='lat' dir='ltr'>iu</span> <span class='ocrx_word' id='word_1_88' title='bbox 1171 1651 1267 1718; x_wconf 80' lang='grc'><strong>888818</strong></span> <span class='ocrx_word' id='word_1_89' title='bbox 1283 1651 1415 1718; x_wconf 85' lang='grc'><strong>1888118-</strong></span> 
     </span>
     <span class='ocr_line' id='line_1_13' title="bbox 173 1753 1413 1823; baseline 0.004 -6"><span class='ocrx_word' id='word_1_90' title='bbox 173 1755 262 1822; x_wconf 90' lang='lat' dir='ltr'>nibus</span> <span class='ocrx_word' id='word_1_91' title='bbox 292 1757 383 1822; x_wconf 90' lang='grc'><strong>8118</strong></span> <span class='ocrx_word' id='word_1_92' title='bbox 412 1757 617 1823; x_wconf 82' lang='lat' dir='ltr'>celebratione</span> <span class='ocrx_word' id='word_1_93' title='bbox 649 1755 836 1823; x_wconf 87' lang='lat' dir='ltr'>sacrosancti</span> <span class='ocrx_word' id='word_1_94' title='bbox 867 1753 984 1821; x_wconf 85' lang='lat' dir='ltr'>Missae</span> <span class='ocrx_word' id='word_1_95' title='bbox 1014 1755 1156 1820; x_wconf 83' lang='lat' dir='ltr'>sacrificii</span> <span class='ocrx_word' id='word_1_96' title='bbox 1184 1755 1333 1822; x_wconf 88' lang='lat' dir='ltr'>annulum</span> <span class='ocrx_word' id='word_1_97' title='bbox 1361 1756 1413 1822; x_wconf 90' lang='lat' dir='ltr'>de·</span> 
     </span>
     <span class='ocr_line' id='line_1_14' title="bbox 171 1858 1339 1945; baseline 0.004 -22"><span class='ocrx_word' id='word_1_98' title='bbox 171 1859 284 1929; x_wconf 85' lang='lat' dir='ltr'>ierunt.</span> <span class='ocrx_word' id='word_1_99' title='bbox 330 1861 529 1927; x_wconf 80' lang='lat' dir='ltr'>Possuntnc?</span> <span class='ocrx_word' id='word_1_100' title='bbox 561 1861 618 1928; x_wconf 86' lang='lat' dir='ltr'>Vel</span> <span class='ocrx_word' id='word_1_101' title='bbox 641 1862 754 1926; x_wconf 89' lang='lat' dir='ltr'>abusus</span> <span class='ocrx_word' id='word_1_102' title='bbox 777 1861 825 1926; x_wconf 91' lang='lat' dir='ltr'>est</span> <span class='ocrx_word' id='word_1_103' title='bbox 849 1859 899 1924; x_wconf 92' lang='lat' dir='ltr'>hic</span> <span class='ocrx_word' id='word_1_104' title='bbox 919 1877 994 1940; x_wconf 93' lang='lat' dir='ltr'>mos,</span> <span class='ocrx_word' id='word_1_105' title='bbox 1018 1860 1145 1945; x_wconf 88' lang='lat' dir='ltr'>ideoque</span> <span class='ocrx_word' id='word_1_106' title='bbox 1168 1858 1339 1928; x_wconf 79' lang='lat' dir='ltr'>delendus?</span> 
     </span>
    </p>
   </div>
   <div class='ocr_carea' id='block_1_8' title="bbox 330 2015 1200 2300">
    <p class='ocr_par' dir='ltr' id='par_1_8' title="bbox 330 2015 1200 2300">
     <span class='ocr_line' id='line_1_15' title="bbox 454 2015 1133 2085; baseline -0.003 -13"><span class='ocrx_word' id='word_1_107' title='bbox 454 2018 480 2072; x_wconf 86' lang='lat'>4.</span> <span class='ocrx_word' id='word_1_108' title='bbox 507 2017 583 2072; x_wconf 91' lang='lat' dir='ltr'>Decr.</span> <span class='ocrx_word' id='word_1_109' title='bbox 601 2033 623 2072; x_wconf 90' lang='lat' dir='ltr'>s.</span> <span class='ocrx_word' id='word_1_110' title='bbox 640 2015 738 2085; x_wconf 80' lang='lat' dir='ltr'>Congu.</span> <span class='ocrx_word' id='word_1_111' title='bbox 758 2016 837 2072; x_wconf 81' lang='lat' dir='ltr'>Coun</span> <span class='ocrx_word' id='word_1_112' title='bbox 856 2021 883 2076; x_wconf 90' lang='lat' dir='ltr'>d.</span> <span class='ocrx_word' id='word_1_113' title='bbox 905 2019 945 2074; x_wconf 89' lang='grc'>15.</span> <span class='ocrx_word' id='word_1_114' title='bbox 964 2015 1038 2084; x_wconf 81' lang='lat' dir='ltr'>Sept</span> <span class='ocrx_word' id='word_1_115' title='bbox 1059 2015 1133 2071; x_wconf 86' lang='lat'>1888.</span> 
     </span>
     <span class='ocr_line' id='line_1_16' title="bbox 391 2128 1200 2198; baseline 0.002 -15"><span class='ocrx_word' id='word_1_116' title='bbox 391 2129 470 2194; x_wconf 78' lang='lat' dir='ltr'>(Acta</span> <span class='ocrx_word' id='word_1_117' title='bbox 488 2147 509 2185; x_wconf 90' lang='lat' dir='ltr'>s.</span> <span class='ocrx_word' id='word_1_118' title='bbox 528 2129 605 2184; x_wconf 87' lang='lat' dir='ltr'>Sedis</span> <span class='ocrx_word' id='word_1_119' title='bbox 626 2129 700 2186; x_wconf 86' lang='grc'><strong>1888.</strong></span> <span class='ocrx_word' id='word_1_120' title='bbox 719 2130 780 2186; x_wconf 88' lang='lat' dir='ltr'>Vol.</span> <span class='ocrx_word' id='word_1_121' title='bbox 797 2131 872 2186; x_wconf 87' lang='lat' dir='ltr'>XXI.</span> <span class='ocrx_word' id='word_1_122' title='bbox 891 2131 955 2186; x_wconf 77' lang='lat' dir='ltr'>fasc</span> <span class='ocrx_word' id='word_1_123' title='bbox 974 2131 999 2184; x_wconf 84' lang='grc'>1.</span> <span class='ocrx_word' id='word_1_124' title='bbox 1017 2146 1043 2198; x_wconf 88' lang='lat' dir='ltr'>p.</span> <span class='ocrx_word' id='word_1_125' title='bbox 1059 2128 1200 2198; x_wconf 74' lang='lat' dir='ltr'>raa-29).</span> 
     </span>
     <span class='ocr_line' id='line_1_17' title="bbox 330 2241 1042 2300; baseline 0.001 -4"><span class='ocrx_word' id='word_1_126' title='bbox 330 2242 479 2297; x_wconf 87' lang='lat' dir='ltr'>Seoeovien.</span> <span class='ocrx_word' id='word_1_127' title='bbox 516 2243 568 2298; x_wconf 83' lang='lat' dir='ltr'>Seu</span> <span class='ocrx_word' id='word_1_128' title='bbox 587 2241 694 2298; x_wconf 86' lang='lat' dir='ltr'>Ordinis</span> <span class='ocrx_word' id='word_1_129' title='bbox 715 2243 741 2298; x_wconf 88' lang='grc'>8.</span> <span class='ocrx_word' id='word_1_130' title='bbox 761 2244 901 2300; x_wconf 87' lang='lat' dir='ltr'>Benedicti</span> <span class='ocrx_word' id='word_1_131' title='bbox 920 2243 1042 2300; x_wconf 85' lang='lat' dir='ltr'>Ueiouis.</span> 
     </span>
    </p>
   </div>
   <div class='ocr_carea' id='block_1_9' title="bbox 730 2355 1311 2426">
    <p class='ocr_par' dir='ltr' id='par_1_9' title="bbox 730 2355 1311 2426">
     <span class='ocr_line' id='line_1_18' title="bbox 730 2355 1311 2426; baseline -0.007 -12"><span class='ocrx_word' id='word_1_132' title='bbox 730 2407 733 2414; x_wconf 62' lang='grc'><strong>.</strong></span> <span class='ocrx_word' id='word_1_133' title='bbox 846 2356 928 2426; x_wconf 83' lang='lat' dir='ltr'>(Sese.</span> <span class='ocrx_word' id='word_1_134' title='bbox 946 2356 988 2412; x_wconf 79' lang='lat' dir='ltr'>al.</span> <span class='ocrx_word' id='word_1_135' title='bbox 1007 2372 1065 2425; x_wconf 81' lang='lat' dir='ltr'>esp.</span> <span class='ocrx_word' id='word_1_136' title='bbox 1084 2355 1117 2412; x_wconf 84' lang='lat'>13</span> <span class='ocrx_word' id='word_1_137' title='bbox 1134 2355 1176 2410; x_wconf 92' lang='lat' dir='ltr'>De</span> <span class='ocrx_word' id='word_1_138' title='bbox 1193 2355 1311 2425; x_wconf 67' lang='lat' dir='ltr'>reform.)</span> 
     </span>
    </p>
   </div>
   <div class='ocr_carea' id='block_1_10' title="bbox 172 2458 1497 4730">
    <p class='ocr_par' dir='ltr' id='par_1_10' title="bbox 172 2458 1424 3774">
     <span class='ocr_line' id='line_1_19' title="bbox 278 2458 1416 2546; baseline 0.003 -21"><span class='ocrx_word' id='word_1_139' title='bbox 278 2458 499 2542; x_wconf 75' lang='lat' dir='ltr'>compendium</span> <span class='ocrx_word' id='word_1_140' title='bbox 523 2461 621 2528; x_wconf 81' lang='grc'><strong>18811.</strong></span> <span class='ocrx_word' id='word_1_141' title='bbox 671 2461 776 2526; x_wconf 82' lang='lat' dir='ltr'>Abbus</span> <span class='ocrx_word' id='word_1_142' title='bbox 809 2461 986 2529; x_wconf 83' lang='grc' dir='ltr'><strong>888888188ἱί</strong></span> <span class='ocrx_word' id='word_1_143' title='bbox 1015 2460 1222 2528; x_wconf 77' lang='lat' dir='ltr'>seccoviensis</span> <span class='ocrx_word' id='word_1_144' title='bbox 1245 2480 1416 2546; x_wconf 75' lang='lat' dir='ltr'>congrega-</span> 
     </span>
     <span class='ocr_line' id='line_1_20' title="bbox 175 2563 1415 2649; baseline 0.002 -20"><span class='ocrx_word' id='word_1_145' title='bbox 175 2563 268 2630; x_wconf 91' lang='lat' dir='ltr'>tionis</span> <span class='ocrx_word' id='word_1_146' title='bbox 293 2565 496 2630; x_wconf 87' lang='lat' dir='ltr'>Beuroueusis</span> <span class='ocrx_word' id='word_1_147' title='bbox 519 2565 555 2631; x_wconf 90' lang='lat'>0.</span> <span class='ocrx_word' id='word_1_148' title='bbox 572 2564 602 2630; x_wconf 88' lang='grc'>8.</span> <span class='ocrx_word' id='word_1_149' title='bbox 622 2566 656 2630; x_wconf 92' lang='grc' dir='ltr'>Β.</span> <span class='ocrx_word' id='word_1_150' title='bbox 679 2566 810 2649; x_wconf 89' lang='lat' dir='ltr'>supplici</span> <span class='ocrx_word' id='word_1_151' title='bbox 833 2565 938 2632; x_wconf 90' lang='lat' dir='ltr'>libello</span> <span class='ocrx_word' id='word_1_152' title='bbox 961 2564 991 2631; x_wconf 88' lang='grc'>8.</span> <span class='ocrx_word' id='word_1_153' title='bbox 1016 2564 1087 2631; x_wconf 84' lang='lat' dir='ltr'>Sodi</span> <span class='ocrx_word' id='word_1_154' title='bbox 1112 2565 1188 2631; x_wconf 86' lang='lat' dir='ltr'>haec</span> <span class='ocrx_word' id='word_1_155' title='bbox 1209 2565 1363 2633; x_wconf 75' lang='lat' dir='ltr'>referebat</span> <span class='ocrx_word' id='word_1_156' title='bbox 1378 2585 1415 2632; x_wconf 88' lang='lat' dir='ltr'>ac</span> 
     </span>
     <span class='ocr_line' id='line_1_21' title="bbox 172 2668 1413 2753; baseline 0.004 -22"><span class='ocrx_word' id='word_1_157' title='bbox 172 2668 405 2751; x_wconf 88' lang='lat' dir='ltr'>deprecabatur,</span> <span class='ocrx_word' id='word_1_158' title='bbox 429 2687 552 2753; x_wconf 86' lang='lat' dir='ltr'>nempe:</span> <span class='ocrx_word' id='word_1_159' title='bbox 580 2669 750 2735; x_wconf 82' lang='lat' dir='ltr'>›Perochia</span> <span class='ocrx_word' id='word_1_160' title='bbox 772 2668 989 2748; x_wconf 85' lang='lat' dir='ltr'>Seccoviensis,</span> <span class='ocrx_word' id='word_1_161' title='bbox 1013 2669 1044 2735; x_wconf 91' lang='grc'>18</span> <span class='ocrx_word' id='word_1_162' title='bbox 1066 2669 1197 2736; x_wconf 87' lang='lat' dir='ltr'>dioecesi</span> <span class='ocrx_word' id='word_1_163' title='bbox 1220 2668 1413 2736; x_wconf 85' lang='lat' dir='ltr'>Seccovieusi</span> 
     </span>
     <span class='ocr_line' id='line_1_22' title="bbox 174 2771 1415 2857; baseline 0.001 -19"><span class='ocrx_word' id='word_1_164' title='bbox 174 2771 295 2857; x_wconf 86' lang='lat' dir='ltr'>Styriae</span> <span class='ocrx_word' id='word_1_165' title='bbox 324 2773 487 2856; x_wconf 86' lang='lat' dir='ltr'>superioris</span> <span class='ocrx_word' id='word_1_166' title='bbox 516 2773 595 2853; x_wconf 89' lang='lat' dir='ltr'>sita,</span> <span class='ocrx_word' id='word_1_167' title='bbox 626 2791 707 2839; x_wconf 91' lang='lat' dir='ltr'>anno</span> <span class='ocrx_word' id='word_1_168' title='bbox 735 2773 815 2838; x_wconf 82' lang='grc'><strong>1113</strong></span> <span class='ocrx_word' id='word_1_169' title='bbox 843 2775 899 2838; x_wconf 88' lang='grc'>881</span> <span class='ocrx_word' id='word_1_170' title='bbox 931 2773 1024 2839; x_wconf 87' lang='grc'><strong>111818</strong></span> <span class='ocrx_word' id='word_1_171' title='bbox 1045 2772 1076 2840; x_wconf 88' lang='grc'>8.</span> <span class='ocrx_word' id='word_1_172' title='bbox 1100 2773 1210 2839; x_wconf 86' lang='lat' dir='ltr'>Jacobi</span> <span class='ocrx_word' id='word_1_173' title='bbox 1235 2775 1415 2856; x_wconf 83' lang='lat' dir='ltr'>Apostolia</span> 
     </span>
     <span class='ocr_line' id='line_1_23' title="bbox 173 2876 1414 2962; baseline 0.002 -22"><span class='ocrx_word' id='word_1_174' title='bbox 173 2876 326 2941; x_wconf 87' lang='lat' dir='ltr'>canonicis</span> <span class='ocrx_word' id='word_1_175' title='bbox 359 2877 553 2961; x_wconf 83' lang='lat' dir='ltr'>regularibus</span> <span class='ocrx_word' id='word_1_176' title='bbox 581 2878 639 2943; x_wconf 93' lang='lat' dir='ltr'>sub</span> <span class='ocrx_word' id='word_1_177' title='bbox 661 2877 771 2962; x_wconf 82' lang='lat' dir='ltr'>regula</span> <span class='ocrx_word' id='word_1_178' title='bbox 792 2877 824 2943; x_wconf 90' lang='lat' dir='ltr'>S.</span> <span class='ocrx_word' id='word_1_179' title='bbox 846 2877 1016 2961; x_wconf 75' lang='lat' dir='ltr'>Augustini</span> <span class='ocrx_word' id='word_1_180' title='bbox 1041 2877 1266 2956; x_wconf 89' lang='lat' dir='ltr'>militantibus,</span> <span class='ocrx_word' id='word_1_181' title='bbox 1297 2877 1350 2962; x_wconf 88' lang='lat' dir='ltr'>qui</span> <span class='ocrx_word' id='word_1_182' title='bbox 1379 2897 1414 2943; x_wconf 87' lang='lat' dir='ltr'>ex</span> 
     </span>
     <span class='ocr_line' id='line_1_24' title="bbox 172 2979 1424 3060; baseline 0.003 -18"><span class='ocrx_word' id='word_1_183' title='bbox 172 2980 244 3045; x_wconf 81' lang='lat' dir='ltr'>lano</span> <span class='ocrx_word' id='word_1_184' title='bbox 272 2979 302 3046; x_wconf 90' lang='lat' dir='ltr'>S.</span> <span class='ocrx_word' id='word_1_185' title='bbox 329 2980 447 3046; x_wconf 85' lang='lat' dir='ltr'>Mariae</span> <span class='ocrx_word' id='word_1_186' title='bbox 469 2982 501 3046; x_wconf 93' lang='lat' dir='ltr'>in</span> <span class='ocrx_word' id='word_1_187' title='bbox 525 2982 606 3047; x_wconf 86' lang='lat' dir='ltr'>valle</span> <span class='ocrx_word' id='word_1_188' title='bbox 631 2981 827 3054; x_wconf 76' lang='lat' dir='ltr'>lleistriceusi</span> <span class='ocrx_word' id='word_1_189' title='bbox 857 2982 917 3046; x_wconf 88' lang='lat' dir='ltr'>huo</span> <span class='ocrx_word' id='word_1_190' title='bbox 940 2981 1144 3060; x_wconf 86' lang='lat' dir='ltr'>transierant,</span> <span class='ocrx_word' id='word_1_191' title='bbox 1163 2982 1285 3046; x_wconf 79' lang='lat' dir='ltr'>erecta</span> <span class='ocrx_word' id='word_1_192' title='bbox 1313 2986 1345 3047; x_wconf 89' lang='lat' dir='ltr'>et</span> <span class='ocrx_word' id='word_1_193' title='bbox 1375 2982 1424 3046; x_wconf 87' lang='lat' dir='ltr'>ab·</span> 
     </span>
     <span class='ocr_line' id='line_1_25' title="bbox 172 3083 1415 3169; baseline 0.002 -21"><span class='ocrx_word' id='word_1_194' title='bbox 172 3083 281 3149; x_wconf 90' lang='lat' dir='ltr'>iisdem</span> <span class='ocrx_word' id='word_1_195' title='bbox 305 3103 445 3167; x_wconf 89' lang='lat' dir='ltr'>possessa</span> <span class='ocrx_word' id='word_1_196' title='bbox 467 3086 498 3151; x_wconf 97' lang='grc'>81</span> <span class='ocrx_word' id='word_1_197' title='bbox 521 3085 740 3151; x_wconf 87' lang='lat' dir='ltr'>administrata</span> <span class='ocrx_word' id='word_1_198' title='bbox 753 3088 811 3163; x_wconf 90' lang='lat' dir='ltr'>est,</span> <span class='ocrx_word' id='word_1_199' title='bbox 835 3085 984 3169; x_wconf 90' lang='lat' dir='ltr'>usquead</span> <span class='ocrx_word' id='word_1_200' title='bbox 1002 3103 1116 3150; x_wconf 92' lang='lat' dir='ltr'>aunum</span> <span class='ocrx_word' id='word_1_201' title='bbox 1135 3084 1236 3162; x_wconf 80' lang='lat'>1782;</span> <span class='ocrx_word' id='word_1_202' title='bbox 1259 3104 1318 3169; x_wconf 86' lang='lat' dir='ltr'>quo</span> <span class='ocrx_word' id='word_1_203' title='bbox 1335 3103 1415 3151; x_wconf 90' lang='lat' dir='ltr'>euno</span> 
     </span>
     <span class='ocr_line' id='line_1_26' title="bbox 173 3187 1413 3272; baseline 0 -19"><span class='ocrx_word' id='word_1_204' title='bbox 173 3189 307 3272; x_wconf 87' lang='lat' dir='ltr'>ipsorum</span> <span class='ocrx_word' id='word_1_205' title='bbox 324 3188 508 3268; x_wconf 77' lang='lat' dir='ltr'>Conventus,</span> <span class='ocrx_word' id='word_1_206' title='bbox 527 3189 657 3272; x_wconf 88' lang='lat' dir='ltr'>capituli</span> <span class='ocrx_word' id='word_1_207' title='bbox 673 3188 862 3254; x_wconf 88' lang='lat' dir='ltr'>cathedralis</span> <span class='ocrx_word' id='word_1_208' title='bbox 881 3187 1001 3253; x_wconf 89' lang='lat' dir='ltr'>iuribus</span> <span class='ocrx_word' id='word_1_209' title='bbox 1012 3190 1044 3255; x_wconf 91' lang='lat' dir='ltr'>et</span> <span class='ocrx_word' id='word_1_210' title='bbox 1056 3188 1229 3272; x_wconf 83' lang='lat' dir='ltr'>privilegiis</span> <span class='ocrx_word' id='word_1_211' title='bbox 1242 3188 1413 3268; x_wconf 89' lang='lat' dir='ltr'>decoratus,</span> 
     </span>
     <span class='ocr_line' id='line_1_27' title="bbox 174 3291 1415 3380; baseline 0 -22"><span class='ocrx_word' id='word_1_212' title='bbox 174 3293 213 3358; x_wconf 87' lang='lat' dir='ltr'>ab</span> <span class='ocrx_word' id='word_1_213' title='bbox 236 3292 421 3376; x_wconf 90' lang='lat' dir='ltr'>imperatore</span> <span class='ocrx_word' id='word_1_214' title='bbox 442 3293 576 3377; x_wconf 87' lang='lat' dir='ltr'>Josepho</span> <span class='ocrx_word' id='word_1_215' title='bbox 599 3293 640 3362; x_wconf 88' lang='lat'>11.</span> <span class='ocrx_word' id='word_1_216' title='bbox 664 3292 819 3376; x_wconf 90' lang='lat' dir='ltr'>dispersus</span> <span class='ocrx_word' id='word_1_217' title='bbox 842 3294 899 3358; x_wconf 91' lang='lat' dir='ltr'>est.</span> <span class='ocrx_word' id='word_1_218' title='bbox 928 3291 1040 3359; x_wconf 80' lang='grc'><strong>088818</strong></span> <span class='ocrx_word' id='word_1_219' title='bbox 1056 3310 1133 3358; x_wconf 86' lang='grc'><strong>8888</strong></span> <span class='ocrx_word' id='word_1_220' title='bbox 1149 3291 1271 3358; x_wconf 84' lang='lat' dir='ltr'>Graecii</span> <span class='ocrx_word' id='word_1_221' title='bbox 1292 3291 1415 3380; x_wconf 84' lang='lat' dir='ltr'>(Grutal</span> 
     </span>
     <span class='ocr_line' id='line_1_28' title="bbox 174 3395 1414 3482; baseline 0.001 -21"><span class='ocrx_word' id='word_1_222' title='bbox 174 3397 313 3462; x_wconf 79' lang='lat' dir='ltr'>Ecclesia</span> <span class='ocrx_word' id='word_1_223' title='bbox 335 3395 514 3463; x_wconf 81' lang='lat' dir='ltr'>Cathedrali</span> <span class='ocrx_word' id='word_1_224' title='bbox 537 3397 718 3482; x_wconf 89' lang='lat' dir='ltr'>etantiqua</span> <span class='ocrx_word' id='word_1_225' title='bbox 740 3396 771 3463; x_wconf 86' lang='lat' dir='ltr'>S.</span> <span class='ocrx_word' id='word_1_226' title='bbox 795 3396 905 3462; x_wconf 87' lang='lat' dir='ltr'>Jacobi</span> <span class='ocrx_word' id='word_1_227' title='bbox 929 3395 1059 3462; x_wconf 90' lang='lat' dir='ltr'>ecclesia</span> <span class='ocrx_word' id='word_1_228' title='bbox 1082 3396 1240 3482; x_wconf 87' lang='lat' dir='ltr'>parochali</span> <span class='ocrx_word' id='word_1_229' title='bbox 1268 3397 1414 3476; x_wconf 86' lang='lat' dir='ltr'>extincta,</span> 
     </span>
     <span class='ocr_line' id='line_1_29' title="bbox 174 3499 1415 3584; baseline 0.002 -20"><span class='ocrx_word' id='word_1_230' title='bbox 174 3501 301 3584; x_wconf 88' lang='lat' dir='ltr'>antiqua</span> <span class='ocrx_word' id='word_1_231' title='bbox 328 3500 462 3566; x_wconf 77' lang='lat' dir='ltr'>Ecclesia</span> <span class='ocrx_word' id='word_1_232' title='bbox 487 3501 681 3567; x_wconf 87' lang='lat' dir='ltr'>Cathedralis</span> <span class='ocrx_word' id='word_1_233' title='bbox 702 3500 758 3566; x_wconf 93' lang='lat' dir='ltr'>sub</span> <span class='ocrx_word' id='word_1_234' title='bbox 787 3500 879 3566; x_wconf 90' lang='lat' dir='ltr'>titulo</span> <span class='ocrx_word' id='word_1_235' title='bbox 904 3501 938 3568; x_wconf 92' lang='grc' dir='ltr'>Β.</span> <span class='ocrx_word' id='word_1_236' title='bbox 964 3499 1007 3567; x_wconf 83' lang='grc'>11.</span> <span class='ocrx_word' id='word_1_237' title='bbox 1032 3501 1068 3565; x_wconf 90' lang='lat' dir='ltr'>V.</span> <span class='ocrx_word' id='word_1_238' title='bbox 1094 3502 1278 3583; x_wconf 79' lang='lat' dir='ltr'>desumptae</span> <span class='ocrx_word' id='word_1_239' title='bbox 1301 3500 1415 3567; x_wconf 87' lang='lat' dir='ltr'>abhinc</span> 
     </span>
     <span class='ocr_line' id='line_1_30' title="bbox 172 3604 1413 3690; baseline 0 -21"><span class='ocrx_word' id='word_1_240' title='bbox 172 3605 204 3669; x_wconf 90' lang='lat' dir='ltr'>in</span> <span class='ocrx_word' id='word_1_241' title='bbox 235 3605 440 3688; x_wconf 84' lang='lat' dir='ltr'>parochialem</span> <span class='ocrx_word' id='word_1_242' title='bbox 472 3605 593 3671; x_wconf 87' lang='lat' dir='ltr'>mutata</span> <span class='ocrx_word' id='word_1_243' title='bbox 622 3605 656 3670; x_wconf 91' lang='lat' dir='ltr'>in</span> <span class='ocrx_word' id='word_1_244' title='bbox 683 3604 872 3688; x_wconf 85' lang='lat' dir='ltr'>possessione</span> <span class='ocrx_word' id='word_1_245' title='bbox 906 3609 938 3670; x_wconf 91' lang='grc'>81</span> <span class='ocrx_word' id='word_1_246' title='bbox 967 3604 1024 3670; x_wconf 89' lang='lat' dir='ltr'>sub</span> <span class='ocrx_word' id='word_1_247' title='bbox 1058 3622 1133 3670; x_wconf 88' lang='lat' dir='ltr'>cure</span> <span class='ocrx_word' id='word_1_248' title='bbox 1167 3604 1413 3690; x_wconf 86' lang='lat' dir='ltr'>presbyterorum</span> 
     </span>
     <span class='ocr_line' id='line_1_31' title="bbox 173 3707 472 3774; baseline 0.003 -1"><span class='ocrx_word' id='word_1_249' title='bbox 173 3709 378 3774; x_wconf 87' lang='lat' dir='ltr'>saecularium</span> <span class='ocrx_word' id='word_1_250' title='bbox 402 3707 472 3774; x_wconf 86' lang='lat' dir='ltr'>luit.</span> 
     </span>
    </p>

    <p class='ocr_par' dir='ltr' id='par_1_11' title="bbox 173 3812 1414 4416">
     <span class='ocr_line' id='line_1_32' title="bbox 278 3812 1414 3898; baseline 0.003 -23"><span class='ocrx_word' id='word_1_251' title='bbox 278 3815 387 3878; x_wconf 76' lang='lat' dir='ltr'>&gt;Anno</span> <span class='ocrx_word' id='word_1_252' title='bbox 412 3813 494 3878; x_wconf 90' lang='grc'><strong>1888</strong></span> <span class='ocrx_word' id='word_1_253' title='bbox 516 3813 633 3890; x_wconf 87' lang='grc'><strong>888811,</strong></span> <span class='ocrx_word' id='word_1_254' title='bbox 667 3833 686 3878; x_wconf 95' lang='grc'>8</span> <span class='ocrx_word' id='word_1_255' title='bbox 717 3831 797 3878; x_wconf 89' lang='grc'><strong>8888</strong></span> <span class='ocrx_word' id='word_1_256' title='bbox 820 3815 969 3898; x_wconf 83' lang='lat' dir='ltr'>regnante</span> <span class='ocrx_word' id='word_1_257' title='bbox 993 3812 1259 3879; x_wconf 85' lang='lat' dir='ltr'>Reveraudissimo</span> <span class='ocrx_word' id='word_1_258' title='bbox 1282 3813 1414 3880; x_wconf 89' lang='lat' dir='ltr'>Domino</span> 
     </span>
     <span class='ocr_line' id='line_1_33' title="bbox 175 3915 1413 4001; baseline 0 -21"><span class='ocrx_word' id='word_1_259' title='bbox 175 3916 322 3999; x_wconf 80' lang='lat' dir='ltr'>llpiscopo</span> <span class='ocrx_word' id='word_1_260' title='bbox 344 3915 552 3993; x_wconf 83' lang='lat' dir='ltr'>Seocovionsi,</span> <span class='ocrx_word' id='word_1_261' title='bbox 583 3917 752 3983; x_wconf 88' lang='lat' dir='ltr'>celsissimo</span> <span class='ocrx_word' id='word_1_262' title='bbox 772 3917 916 4001; x_wconf 91' lang='lat' dir='ltr'>Principe</span> <span class='ocrx_word' id='word_1_263' title='bbox 938 3915 1057 3984; x_wconf 89' lang='lat' dir='ltr'>Joanue</span> <span class='ocrx_word' id='word_1_264' title='bbox 1081 3917 1240 4001; x_wconf 81' lang='lat' dir='ltr'>Zverger,</span> <span class='ocrx_word' id='word_1_265' title='bbox 1273 3916 1413 3983; x_wconf 85' lang='lat' dir='ltr'>monachi</span> 
     </span>
     <span class='ocr_line' id='line_1_34' title="bbox 174 4018 1412 4106; baseline 0.002 -22"><span class='ocrx_word' id='word_1_266' title='bbox 174 4020 292 4104; x_wconf 88' lang='lat' dir='ltr'>aliquot</span> <span class='ocrx_word' id='word_1_267' title='bbox 314 4018 568 4106; x_wconf 79' lang='lat' dir='ltr'>congregationis</span> <span class='ocrx_word' id='word_1_268' title='bbox 592 4021 815 4101; x_wconf 89' lang='lat' dir='ltr'>Beuronensis,</span> <span class='ocrx_word' id='word_1_269' title='bbox 849 4021 979 4106; x_wconf 85' lang='lat' dir='ltr'>ingressi</span> <span class='ocrx_word' id='word_1_270' title='bbox 1011 4023 1083 4086; x_wconf 86' lang='lat' dir='ltr'>sunt</span> <span class='ocrx_word' id='word_1_271' title='bbox 1106 4021 1136 4085; x_wconf 91' lang='lat' dir='ltr'>in</span> <span class='ocrx_word' id='word_1_272' title='bbox 1163 4024 1249 4086; x_wconf 91' lang='lat' dir='ltr'>vetus</span> <span class='ocrx_word' id='word_1_273' title='bbox 1273 4021 1304 4086; x_wconf 92' lang='grc'>81</span> <span class='ocrx_word' id='word_1_274' title='bbox 1326 4020 1412 4086; x_wconf 88' lang='lat' dir='ltr'>dere·</span> 
     </span>
     <span class='ocr_line' id='line_1_35' title="bbox 174 4123 1413 4209; baseline 0.001 -21"><span class='ocrx_word' id='word_1_275' title='bbox 174 4124 283 4190; x_wconf 90' lang='lat' dir='ltr'>lictum</span> <span class='ocrx_word' id='word_1_276' title='bbox 309 4126 544 4204; x_wconf 89' lang='lat' dir='ltr'>monasterium,</span> <span class='ocrx_word' id='word_1_277' title='bbox 567 4124 672 4208; x_wconf 89' lang='lat' dir='ltr'>ibique</span> <span class='ocrx_word' id='word_1_278' title='bbox 693 4125 861 4209; x_wconf 84' lang='lat' dir='ltr'>prioratum</span> <span class='ocrx_word' id='word_1_279' title='bbox 885 4125 1128 4203; x_wconf 90' lang='lat' dir='ltr'>constituerunt,</span> <span class='ocrx_word' id='word_1_280' title='bbox 1151 4127 1204 4208; x_wconf 89' lang='lat' dir='ltr'>qui</span> <span class='ocrx_word' id='word_1_281' title='bbox 1227 4123 1413 4190; x_wconf 88' lang='lat' dir='ltr'>assentiente</span> 
     </span>
     <span class='ocr_line' id='line_1_36' title="bbox 173 4227 1411 4306; baseline 0 -14"><span class='ocrx_word' id='word_1_282' title='bbox 173 4246 230 4293; x_wconf 90' lang='lat' dir='ltr'>sua</span> <span class='ocrx_word' id='word_1_283' title='bbox 253 4247 277 4292; x_wconf 91' lang='lat' dir='ltr'>c.</span> <span class='ocrx_word' id='word_1_284' title='bbox 302 4249 325 4294; x_wconf 93' lang='lat' dir='ltr'>r.</span> <span class='ocrx_word' id='word_1_285' title='bbox 349 4227 512 4294; x_wconf 84' lang='lat' dir='ltr'>Maiestate</span> <span class='ocrx_word' id='word_1_286' title='bbox 535 4229 584 4293; x_wconf 92' lang='lat' dir='ltr'>die</span> <span class='ocrx_word' id='word_1_287' title='bbox 608 4229 847 4306; x_wconf 76' lang='grc'><strong>8181111887,</strong></span> <span class='ocrx_word' id='word_1_288' title='bbox 870 4250 889 4294; x_wconf 91' lang='grc'>8</span> <span class='ocrx_word' id='word_1_289' title='bbox 912 4229 1087 4296; x_wconf 86' lang='lat' dir='ltr'>Sanctitate</span> <span class='ocrx_word' id='word_1_290' title='bbox 1103 4229 1172 4294; x_wconf 83' lang='lat' dir='ltr'>Tua</span> <span class='ocrx_word' id='word_1_291' title='bbox 1188 4228 1226 4292; x_wconf 92' lang='lat' dir='ltr'>ad</span> <span class='ocrx_word' id='word_1_292' title='bbox 1243 4227 1411 4295; x_wconf 84' lang='lat' dir='ltr'>Abbatiam</span> 
     </span>
     <span class='ocr_line' id='line_1_37' title="bbox 174 4331 900 4416; baseline -0.004 -19"><span class='ocrx_word' id='word_1_293' title='bbox 174 4331 429 4416; x_wconf 74' lang='lat' dir='ltr'>congregationis</span> <span class='ocrx_word' id='word_1_294' title='bbox 452 4333 655 4398; x_wconf 89' lang='lat' dir='ltr'>Bouronensis</span> <span class='ocrx_word' id='word_1_295' title='bbox 676 4335 801 4400; x_wconf 90' lang='lat' dir='ltr'>evectus</span> <span class='ocrx_word' id='word_1_296' title='bbox 824 4335 900 4400; x_wconf 73' lang='lat' dir='ltr'>esc..</span> 
     </span>
    </p>

    <p class='ocr_par' dir='ltr' id='par_1_12' title="bbox 172 4437 1497 4730">
     <span class='ocr_line' id='line_1_38' title="bbox 280 4437 1413 4522; baseline 0.004 -25"><span class='ocrx_word' id='word_1_297' title='bbox 280 4439 390 4502; x_wconf 78' lang='lat' dir='ltr'>»Anno</span> <span class='ocrx_word' id='word_1_298' title='bbox 424 4439 492 4521; x_wconf 92' lang='lat' dir='ltr'>post</span> <span class='ocrx_word' id='word_1_299' title='bbox 523 4439 706 4503; x_wconf 91' lang='lat' dir='ltr'>erectionem</span> <span class='ocrx_word' id='word_1_300' title='bbox 738 4437 889 4522; x_wconf 87' lang='lat' dir='ltr'>praedicti</span> <span class='ocrx_word' id='word_1_301' title='bbox 919 4437 1088 4522; x_wconf 86' lang='lat' dir='ltr'>prioratus,</span> <span class='ocrx_word' id='word_1_302' title='bbox 1124 4437 1269 4522; x_wconf 86' lang='lat' dir='ltr'>parochia</span> <span class='ocrx_word' id='word_1_303' title='bbox 1294 4455 1413 4520; x_wconf 85' lang='lat' dir='ltr'>quoquc</span> 
     </span>
     <span class='ocr_line' id='line_1_39' title="bbox 173 4539 1411 4626; baseline -0.002 -20"><span class='ocrx_word' id='word_1_304' title='bbox 173 4539 389 4622; x_wconf 87' lang='lat' dir='ltr'>Seocoviensis,</span> <span class='ocrx_word' id='word_1_305' title='bbox 414 4559 482 4606; x_wconf 92' lang='lat' dir='ltr'>cum</span> <span class='ocrx_word' id='word_1_306' title='bbox 507 4541 666 4624; x_wconf 85' lang='lat' dir='ltr'>parochus,</span> <span class='ocrx_word' id='word_1_307' title='bbox 689 4543 742 4626; x_wconf 89' lang='lat' dir='ltr'>qui</span> <span class='ocrx_word' id='word_1_308' title='bbox 765 4544 839 4607; x_wconf 90' lang='lat' dir='ltr'>tunc</span> <span class='ocrx_word' id='word_1_309' title='bbox 864 4561 930 4607; x_wconf 87' lang='lat' dir='ltr'>eam</span> <span class='ocrx_word' id='word_1_310' title='bbox 947 4541 1197 4621; x_wconf 86' lang='lat' dir='ltr'>administrabat,</span> <span class='ocrx_word' id='word_1_311' title='bbox 1221 4541 1259 4607; x_wconf 93' lang='lat' dir='ltr'>ob</span> <span class='ocrx_word' id='word_1_312' title='bbox 1277 4541 1411 4606; x_wconf 87' lang='lat' dir='ltr'>aetutem</span> 
     </span>
     <span class='ocr_line' id='line_1_40' title="bbox 172 4645 1497 4730; baseline 0.002 -21"><span class='ocrx_word' id='word_1_313' title='bbox 172 4647 347 4730; x_wconf 83' lang='lat' dir='ltr'>provectam</span> <span class='ocrx_word' id='word_1_314' title='bbox 371 4665 389 4712; x_wconf 86' lang='lat' dir='ltr'>a</span> <span class='ocrx_word' id='word_1_315' title='bbox 411 4664 484 4712; x_wconf 91' lang='lat' dir='ltr'>cura</span> <span class='ocrx_word' id='word_1_316' title='bbox 508 4647 642 4712; x_wconf 90' lang='lat' dir='ltr'>muueris</span> <span class='ocrx_word' id='word_1_317' title='bbox 672 4645 719 4711; x_wconf 88' lang='lat' dir='ltr'>eui</span> <span class='ocrx_word' id='word_1_318' title='bbox 751 4646 899 4714; x_wconf 87' lang='lat' dir='ltr'>removeri</span> <span class='ocrx_word' id='word_1_319' title='bbox 929 4646 1071 4730; x_wconf 89' lang='lat' dir='ltr'>petiiset,</span> <span class='ocrx_word' id='word_1_320' title='bbox 1101 4666 1119 4713; x_wconf 87' lang='grc'>8</span> <span class='ocrx_word' id='word_1_321' title='bbox 1149 4645 1412 4714; x_wconf 72' lang='lat' dir='ltr'>Reueremissiuuo</span> <span class='ocrx_word' id='word_1_322' title='bbox 1493 4711 1497 4720; x_wconf 89' lang='grc'><strong>,</strong></span> 
     </span>
    </p>
   </div>
   <div class='ocr_carea' id='block_1_11' title="bbox 0 0 1636 4914">
    <p class='ocr_par' dir='ltr' id='par_1_13' title="bbox 0 0 1636 4914">
     <span class='ocr_line' id='line_1_41' title="bbox 0 0 1636 4914; baseline 0 0"><span class='ocrx_word' id='word_1_323' title='bbox 0 0 1636 4914; x_wconf 95' lang='lat' dir='ltr'> </span> 
     </span>
    </p>
   </div>
  </div>
 </body>
</html>
