3220 4906
248 215 312 280 296
396 233 424 287 0.
443 253 465 289 a.
486 233 566 305 Oflic
586 235 691 305 quoad
707 236 861 306 promulo.
878 237 957 292 decr.
981 236 1115 292 Tametsi
1133 239 1168 292 in
1187 239 1337 292 Amerina.

247 412 281 474 ui
303 427 445 492 suprema
467 427 523 472 sua
545 408 730 472 auctoritate
754 408 883 490 benigne
907 408 1052 491 dignetur
1072 408 1327 476 Declarotiouem
1342 432 1363 474 u
1381 411 1493 475 Beue-

246 515 327 578 dieto
350 513 447 580 XIV.
470 531 523 595 pro
547 510 851 576 Holiaudiaeditam
877 513 919 576 ad
942 533 996 578 eus
1018 513 1181 579 extendere
1196 520 1307 595 pantes
1326 514 1492 578 Amerieae

245 615 512 700 septemtrionalis
535 615 735 693 Foederatem
767 616 797 680 in
822 616 932 699 quibus
957 617 1041 699 viget
1071 615 1236 681 Decretum
1265 617 1420 694 Tametsi,
1446 619 1490 682 dc

245 723 414 804 quibusque
441 725 561 785 constat
590 720 720 785 eandem
749 719 1002 786 Decicrutioucm
1032 720 1180 787 hactenus
1209 742 1270 786 uon
1303 723 1403 799 fuisse
1431 743 1486 788 en·

246 832 381 900 {euenum
413 824 459 887 uti
483 829 511 889 et
533 823 576 890 cd
598 825 703 889 munia
726 824 793 889 atio
815 824 899 901 mea,
922 824 961 889 de
980 824 1093 907 ouibus
1112 825 1239 890 dubium
1258 833 1404 902 movetur,
1430 831 1487 889 eut

245 929 454 1011 inposterum
480 927 592 992 moveri
615 928 727 1008 possit,
760 930 862 992 utrum
893 947 987 993 necno
1017 929 1121 992 eadem
1149 929 1323 994 Declaratio
1344 930 1406 1011 J'am
1427 947 1482 992 ex·
1596 1010 1597 1013 Ἴ

243 1034 332 1097 tensa
355 1030 458 1096 fuerit.

556 1135 763 1200 Beuiitudinis
787 1134 870 1200 Tuae

656 1239 768 1305 Servus
792 1239 984 1304 humillimus

708 1342 842 1409 Jaccbus
865 1342 1013 1422 Gibbone,

814 1446 957 1530 Archiep.
984 1447 1076 1525 flatu,
1101 1447 1208 1531 Deleg.
1231 1449 1339 1531 Aponi.

455 1578 488 1641 B.
523 1577 730 1658 Responsum.

350 1699 519 1762 Pometiae
543 1700 707 1781 petitiones
730 1699 767 1762 ml
792 1697 1065 1782 Ooeeqeeyate'onem
1086 1699 1118 1765 S.
1137 1698 1172 1764 0.
1195 1718 1247 1781 pro
1271 1700 1407 1763 examine
1432 1719 1480 1762 re-

245 1804 356 1868 missae
388 1805 469 1868 suni.
527 1803 594 1866 uni
628 1822 697 1866 vero
733 1801 926 1868 Universalos
963 1803 1159 1886 inquisitores
1193 1821 1225 1866 re
1262 1807 1380 1867 mature
1413 1823 1482 1884 pcr-

244 1927 353 1990 pensu,
379 1907 428 1970 dic
452 1907 503 1970 25.
527 1906 604 1972 Non.
631 1906 713 1970 1885
735 1908 957 1988 reposuerunt:

347 2009 586 2092 supplicandum
618 2010 712 2074 SSino
741 2029 793 2092 pro
827 2010 1001 2075 extensione
1033 2009 1070 2073 ad
1103 2009 1256 2075 dioeceses
1283 2011 1314 2074 S.
1345 2010 1483 2084 Antonii,

243 2115 514 2179 Galvcstoneusem
554 2119 585 2178 et
623 2113 661 2178 ad
701 2114 891 2179 vicariatum
941 2113 1150 2196 Apostolicmn
1197 2114 1483 2177 annsviilensem

244 2221 374 2284 tuntum.

345 2323 501 2386 Sanctitas
527 2340 597 2385 vero
619 2320 698 2397 Sua,
734 2321 781 2384 cui
817 2321 891 2384 lineo
926 2321 1029 2384 omma
1061 2321 1167 2384 eadem
1199 2320 1248 2385 dic
1280 2322 1377 2385 relata
1399 2329 1484 2394 suist,

246 2429 373 2490 Puteum
404 2427 529 2491 Coneiiii
564 2425 649 2489 Pien.
681 2425 762 2489 Bait.
795 2425 839 2487 iil
876 2427 1015 2506 precibus
1046 2425 1132 2506 juxta
1167 2423 1198 2488 S.
1228 2425 1484 2507 Congregationis

242 2531 426 2592 sententiam
452 2530 583 2610 benigne
607 2547 739 2592 annuere
762 2529 893 2606 dignata
913 2532 968 2593 cst.

761 2632 985 2713 Ainpliiudinis
1011 2631 1095 2695 Tuae

865 2736 915 2800 Uti
944 2737 1049 2798 Frater
1073 2735 1303 2799 addictissimus

269 2843 300 2903 ii.
329 2842 361 2906 P.
388 2841 423 2905 D.
448 2839 567 2906 Joeobo
591 2840 735 2916 Gildone,
841 2839 985 2905 Jouuues
1006 2839 1095 2904 Caud.
1119 2840 1266 2913 Simeoui,
1293 2839 1484 2906 Praefectus,

311 2944 443 3012 Archiepo
463 2943 660 2997 Baltimorensi.
922 2944 943 3022 †
968 2943 1003 3008 D.
1026 2943 1175 3022 Arctoiep.
1201 2943 1229 3005 T
1227 2965 1288 3025 yn,
1312 2941 1392 3004 Secr.

885 3047 1023 3126 (Romae,
1048 3047 1099 3108 31.
1125 3045 1303 3108 Decembris
1330 3045 1435 3122 1885).
