3220 4906
227 285 369 354 Epistola
388 285 501 354 encycl.
520 285 562 338 ud
580 285 670 351 eptae
694 283 833 351 Hispan„
851 281 930 345 rtur..
948 286 1082 353 utruque
1103 285 1271 338 rimericue.
1315 265 1379 332 305

139 476 176 521 ac
198 456 334 521 venerari
359 455 507 538 singulari
533 455 650 520 ratione
677 456 797 538 oportet
829 455 972 518 aeternae
1002 455 1115 518 meotis
1148 474 1257 520 numen
1288 455 1380 538 atque

139 560 313 637 consilium,
335 559 384 624 oui
402 559 511 634 sciens,
536 558 641 642 paruit
662 561 755 643 atque
779 558 939 622 inservivit
964 557 1032 622 nevi
1055 557 1195 624 inventor
1216 559 1309 624 orbis.

241 672 307 753 Quo
330 671 427 755 igitur
449 672 542 753 digne
565 673 597 735 et
619 671 834 736 convenienter
858 670 981 735 ueritati
1004 669 1153 734 solennuia
1176 669 1378 736 Columbiana

139 777 283 860 agantur,
307 775 345 838 erl
362 775 579 840 celebritatum
596 774 734 840 civilium
750 774 842 840 decus
860 773 1018 858 religionis
1037 772 1213 838 adhibenda
1229 775 1379 839 sanctitas

138 883 195 946 ost.
243 881 468 963 Praetereaque
491 881 573 945 sicut
596 879 669 944 olim
698 879 736 942 ad
760 879 894 962 primum
920 879 997 944 lacti
1021 879 1163 943 nuntium
1188 880 1292 961 grates
1318 878 1379 942 Deo

138 982 325 1062 immortali,
351 983 634 1066 providentissimo,
666 982 789 1066 publice
811 985 899 1048 actae
921 983 1012 1058 sunt,
1041 985 1207 1066 praeeunte
1231 981 1378 1048 Pontifice

138 1088 286 1152 maximo:
310 1088 355 1153 ita
377 1105 458 1152 nnnc
480 1087 510 1151 in
535 1086 709 1151 renovenda
731 1085 971 1169 auspicatissimi
988 1090 1116 1152 eventus
1133 1087 1280 1151 memoria
1297 1087 1377 1152 idern

137 1191 325 1256 arbitramur
354 1189 538 1256 iaciendum.
590 1190 748 1254 illicimus
777 1191 880 1274 itaque
912 1194 947 1256 ut
978 1189 1027 1254 die
1062 1191 1111 1258 12.
1142 1189 1292 1268 octobris,
1325 1195 1380 1256 aut

137 1295 273 1377 proximo
295 1294 344 1358 dio
370 1294 542 1372 Dominico,
572 1294 598 1358 si
624 1293 805 1358 Ordinnrius
835 1294 893 1359 loci
917 1294 963 1357 ita
985 1293 1125 1377 expedire
1149 1297 1321 1370 censuerit,
1346 1295 1376 1359 in

140 1397 286 1462 Ecclesiis
309 1397 548 1463 cathedralibus
570 1400 602 1462 et
626 1397 808 1479 Collegiatis
831 1416 865 1462 ex
889 1397 1058 1480 Hispania,
1085 1398 1194 1474 ltuliu,
1228 1401 1320 1482 atque
1344 1417 1378 1462 er

140 1504 270 1584 utraque
294 1502 453 1576 Amerina,
486 1503 555 1584 post
577 1500 720 1567 Olticium
743 1500 824 1578 diei,
850 1501 978 1566 solemni
1003 1501 1064 1566 ritu
1089 1501 1185 1566 Missa
1206 1501 1380 1566 celebretur

138 1608 176 1670 ‹le
199 1604 407 1672 Sanctissimae
427 1605 590 1671 Triuiae.
637 1604 744 1686 Quod,
767 1609 889 1688 praeter
913 1605 1068 1683 nationes,
1094 1623 1172 1688 quae
1195 1623 1288 1688 supra
1310 1625 1375 1670 me-

139 1712 277 1774 moratae
299 1711 381 1786 sunt,
405 1708 486 1791 apud
509 1713 628 1774 ceteras
650 1727 770 1793 qnoque
789 1708 970 1773 confidimus
988 1709 1061 1785 iore,
1086 1711 1120 1773 ut
1137 1709 1228 1787 irioni,
1256 1710 1378 1792 lipinco·

138 1813 184 1896 pis
207 1813 398 1891 auctoribus,
429 1816 612 1896 peragatur:
643 1812 724 1896 quod
755 1811 837 1876 enim
860 1813 1001 1878 omnibus
1023 1812 1159 1896 proluit,
1181 1812 1378 1878 reconvenit

137 1917 187 2001 pio
210 1919 358 2001 maleque
379 1917 418 1982 ab
437 1917 580 1982 omnibus
602 1915 761 1982 celebrari.

240 2029 369 2094 Interim
404 2027 576 2094 divinorum
613 2045 772 2092 munerum
812 2027 967 2110 auspicem
1002 2031 1035 2092 et
1068 2032 1213 2110 paternus
1245 2028 1376 2094 Nostrae

138 2132 368 2196 beneuolentiae
391 2135 518 2210 testem,
544 2132 645 2209 robis,
669 2131 865 2196 venerabiles
888 2131 1020 2204 l'ratres,
1046 2133 1078 2194 et
1099 2131 1187 2196 Olore
1207 2133 1377 2216 populoque

139 2239 241 2301 restro
261 2236 460 2318 apostolicam
485 2235 727 2301 benedictionem
748 2239 943 2319 peramanter
967 2235 996 2299 in
1021 2235 1150 2300 Domino
1170 2235 1374 2316 impertimus.

243 2357 356 2422 Datum
378 2357 492 2422 Romae
516 2357 597 2439 apud
620 2355 650 2424 S.
676 2357 813 2436 Petrum,
839 2357 888 2421 rlie
910 2357 960 2422 16.
985 2355 1064 2422 Julii
1089 2358 1147 2424 Au.
1174 2355 1264 2436 1892,
1293 2357 1373 2420 Pon·

136 2461 274 2526 tilicatus
299 2461 403 2527 llostri
429 2461 673 2545 Decimoquinto.

1014 2583 1078 2650 Leo
1101 2584 1162 2649 ΡΡ.
1183 2581 1271 2648 Xlll.
