3220 4906
134 271 228 328 Leon.
241 269 326 326 XIII.
340 271 385 324 ltu.
399 269 479 326 brea.
491 270 519 325 d.
531 270 559 324 d.
569 267 717 326 raJunu
728 268 802 324 1892
812 271 849 326 de
860 273 1074 327 consecuntur.
1086 271 1269 341 spernantur.
1310 255 1371 320 311

133 443 311 528 diligamus,
333 462 543 528 quaecumque
566 442 603 506 ad
627 443 798 506 animarum
822 441 955 507 salutem
978 443 1146 508 iuvandam
1164 444 1294 508 maxime
1318 463 1371 510 ua·

134 549 215 627 lent,
240 547 393 612 noluimus
415 546 581 612 desiderari
606 545 728 609 laudem
753 549 785 609 et
807 547 1102 612 commendationem
1126 547 1289 622 Nostram
1319 547 1373 612 da·

133 654 234 736 bisque
257 651 296 716 ad
320 651 465 716 dilectum
484 651 596 715 Filium
615 649 761 716 Nostrum
778 649 1001 732 Augustinum,
1025 650 1056 716 S.
1074 651 1109 717 a.
1122 651 1157 715 F.
1175 649 1369 716 Cardinalem

56 771 62 778 ·
136 757 247 834 causa,
272 773 308 818 ax
330 753 555 836 dispensatione
578 752 758 835 apostolica
781 752 1053 836 Arcbiepiscopum
1073 753 1292 832 Florentinum,
1318 754 1371 818 lit·

133 860 208 924 teris
231 877 299 924 eam
323 839 597 926 cnosociationem'
612 857 720 922 utilem
745 876 781 922 ac
804 858 992 936 salutarem,
1024 858 1196 941 nostrisque
1223 857 1370 941 tempori·

134 963 190 1029 bus
219 962 306 1029 ualde
340 964 602 1030 accommodatam
638 980 703 1026 esse
738 961 990 1045 significavimus.
1044 962 1128 1044 Quas
1158 979 1227 1027 vero
1260 961 1374 1026 Nostra

132 1084 288 1132 sacrorum
313 1065 440 1132 Ritnum
464 1065 687 1150 congregatio,
718 1064 908 1148 suffragante
940 1065 1053 1130 dilecto
1078 1065 1154 1130 Filio
1178 1065 1291 1130 Nostro
1314 1064 1373 1129 cn·

129 1173 236 1254 jetano
257 1170 287 1238 S.
311 1171 346 1236 R.
372 1171 406 1236 F.
431 1171 613 1254 Presbytero
640 1169 796 1235 cardinali
821 1169 1071 1236 Aloisi-Musella
1102 1168 1200 1235 eidem
1234 1167 1372 1252 congre-

133 1275 252 1358 gationi
275 1274 443 1352 Praefecto,
467 1273 705 1340 consecrationis
728 1273 966 1338 christianarum
990 1273 1178 1339 familiarum
1196 1271 1371 1350 formulam,

133 1378 165 1443 et
194 1377 404 1460 precationem
433 1394 536 1442 coram
564 1377 701 1460 imagine
730 1375 840 1440 Sacrae
875 1376 1024 1440 Familiae
1057 1375 1247 1440 recitandam
1279 1375 1376 1440 Nobis

133 1482 351 1565 proposuerat,
374 1480 586 1567 probavimus,
610 1483 643 1544 et
665 1481 826 1562 utramque
850 1479 888 1544 ad
912 1479 1047 1544 locorum
1071 1478 1250 1545 Ordiuarios
1273 1482 1374 1544 trans·

133 1585 318 1651 mittendam
342 1583 527 1650 curarimus.
572 1583 688 1648 Deinde
716 1582 805 1648 veriti
837 1602 875 1646 ne
905 1599 1070 1666 germanus
1101 1585 1289 1648 memoratae
1324 1581 1376 1646 de·

133 1689 263 1754 notionis
285 1688 413 1771 spiritus
433 1692 538 1753 tractu
562 1687 706 1770 temporis
726 1687 996 1770 oblanguesceret,
1028 1686 1127 1750 eidem
1160 1686 1292 1752 Nostrae
1316 1684 1373 1750 Sa·

133 1811 253 1858 erorum
275 1793 402 1858 Bituum
425 1791 666 1875 Congregationi
691 1790 923 1867 mandarimus,
955 1793 991 1856 ut
1017 1789 1144 1855 Statuta
1167 1789 1374 1866 concinnaret,

132 1899 243 1979 quibus
266 1898 299 1962 in
318 1897 460 1963 universo
481 1896 635 1962 catholico
655 1895 727 1961 orbe
751 1895 818 1977 piae
841 1894 1082 1960 consociationas
1102 1913 1208 1959 sacrae
1225 1894 1374 1960 Familiae

132 1999 340 2066 instituendae
364 1999 439 2066 adeo
462 2000 544 2065 iuter
566 2019 598 2066 se
620 1999 801 2065 coniunctae
824 1997 934 2076 toreut,
957 2001 993 2062 ut
1015 2017 1093 2063 uuus
1113 1998 1256 2063 omnibus
1278 1999 1370 2082 p'rae·

134 2103 275 2170 ficeretur
296 2122 429 2185 praeses,
452 2103 505 2186 qui
527 2121 579 2168 eas
602 2102 787 2168 auctoritate
810 2121 932 2168 summa
954 2104 1077 2185 regeret
1096 2105 1128 2166 et
1152 2101 1373 2168 moderaretur.

133 2207 259 2272 Statuta
294 2208 363 2290 post
400 2211 580 2272 accuratum
615 2225 739 2270 eramen
774 2206 813 2271 ab
848 2205 955 2270 eadem
994 2204 1087 2270 Sacra
1125 2203 1374 2288 congregatione

134 2312 268 2388 exarata,
289 2311 363 2376 suut
383 2311 502 2388 eadem,
524 2327 603 2395 quae
623 2310 869 2376 subscribuntur.

235 2414 322 2496 Quae
342 2413 466 2498 quidem
488 2413 625 2492 statuta,
647 2432 717 2479 cum
740 2413 778 2479 de
802 2413 839 2478 iis
862 2412 1057 2496 supradictus
1081 2411 1253 2478 Gardiualis
1277 2411 1372 2478 Prae·

134 2516 232 2582 iectus
255 2518 294 2584 ad
322 2517 385 2583 Nos
417 2518 576 2583 retulisset
607 2517 891 2600 comprobavimus,
924 2521 955 2582 et
981 2516 1159 2599 Apostolica
1180 2517 1375 2582 Auctoritate

134 2620 247 2686 Nostra
270 2623 338 2686 rata
361 2620 526 2687 babuimus
549 2625 582 2686 et
602 2623 861 2698 confirmavimus,
885 2621 1043 2704 derogatis
1059 2621 1279 2704 abrogatisque
1296 2637 1375 2702 quae

133 2743 224 2807 super
252 2725 331 2790 banc
361 2744 424 2790 rem
455 2725 536 2792 scita
557 2727 686 2808 actaque
710 2729 798 2801 sunt,
830 2725 1012 2790 nominatim
1038 2723 1223 2808 Apostolicis
1248 2724 1375 2788 Litteris

133 2827 183 2892 die
202 2829 232 2892 3.
257 2827 399 2894 Octobris
421 2847 499 2894 auno
524 2829 607 2895 1865
631 2829 732 2906 datis,
754 2833 786 2895 et
807 2829 949 2894 omnibus
974 2830 1071 2906 actis,
1094 2845 1173 2911 quae
1196 2827 1235 2892 ad
1257 2827 1374 2910 prima-

133 2931 210 2996 riam
237 2931 468 3017 Lugdunensem
493 2933 755 3000 Oousociationom
777 2935 930 3016 spectant.
978 2932 1125 2998 Volumus
1147 2933 1262 3008 sutem,
1286 2932 1373 2996 iube·

135 3055 202 3100 mus
229 3038 265 3102 ut
291 3035 538 3104 consociationes
570 3055 675 3101 omues
710 3054 815 3101 sacrae
851 3034 1001 3100 Familiae
1034 3035 1251 3118 cuiuscumque
1274 3034 1372 3112 tituli,

132 3159 211 3224 quae
234 3160 313 3206 nuuc
333 3141 485 3218 existunt,
518 3139 549 3204 in
579 3140 660 3206 hauc
683 3140 805 3204 unicam
828 3141 860 3204 et
883 3140 1055 3204 uniuersam
1079 3137 1266 3204 coalescant.
1314 3137 1372 3202 ux-

132 3245 263 3327 cipimus
284 3248 388 3309 tameu
412 3243 571 3328 religiosas
599 3241 860 3326 Congregatioues
889 3243 980 3308 buius
1012 3239 1120 3320 tituli,
1151 3259 1230 3324 quae
1261 3239 1375 3306 consti·

133 3347 306 3412 tutiouibns
328 3349 455 3413 utantur
483 3347 522 3412 ab
550 3347 608 3412 bac
634 3345 665 3413 S.
689 3345 767 3412 Sede
798 3347 995 3430 adprobatis,
1030 3347 1062 3410 et
1096 3344 1375 3412 confraternitates

134 3451 252 3534 proprie
275 3450 392 3527 dictes,
424 3451 590 3516 dummodo
620 3451 764 3516 canonice
787 3452 850 3516 siut
879 3453 1016 3529 erectae,
1050 3452 1082 3516 et
1115 3449 1154 3514 ad
1186 3447 1312 3532 regulas
1344 3450 1376 3514 et

133 3573 255 3618 normas
277 3554 452 3637 dirigantur
476 3573 494 3618 a
519 3554 889 3620 RomanisPontilicibus
913 3553 1129 3638 praescriptas,
1152 3551 1334 3618 nominatim
1357 3571 1375 3617 a

134 3657 291 3724 clemente
316 3657 401 3722 VIII.
425 3657 456 3722 iu
480 3657 707 3724 constitutione
731 3659 955 3742 Quaecumque,
979 3657 1028 3722 die
1053 3658 1082 3725 7.
1100 3656 1280 3722 Decembris
1296 3674 1375 3720 anno

136 3762 228 3826 1604.
267 3762 352 3829 Haec
376 3781 446 3828 uero
469 3761 745 3830 conluatemitatee
769 3781 805 3828 ac
820 3762 982 3848 religiosae
999 3761 1271 3846 Congregatinnes,
1296 3779 1375 3843 quae

133 3865 262 3930 tortasse
286 3865 497 3932 adscribendis
520 3867 649 3932 familiis
672 3885 798 3949 operam
818 3867 966 3932 hactenus
982 3865 1144 3942 dederunt,
1168 3865 1198 3930 iu
1217 3867 1372 3948 posterum

133 3971 171 4034 ab
196 3968 370 4034 huiusmodi
392 3989 475 4048 cura,
500 3989 578 4054 quae
601 3970 792 4036 solummodo
817 3969 961 4034 Parocbis
984 3972 1147 4036 commissa
1169 3970 1228 4047 est,
1250 3987 1374 4052 prorsus

133 4072 319 4138 abstineant.
365 4071 458 4138 Haud
480 4075 586 4138 tamen
613 4091 735 4138 necesse
765 4075 828 4151 est,
861 4077 895 4138 ut
925 4073 1062 4137 familiae
1092 4073 1154 4138 iam
1178 4071 1272 4138 alicui
1295 4072 1374 4138 Cou-

132 4175 292 4242 sociationi
316 4175 499 4259 adscriptae,
524 4195 577 4260 pro
597 4175 800 4259 indulgentiis
820 4175 949 4258 aliisque
966 4175 1144 4240 muneribus
1160 4175 1373 4259 spiritualibus

131 4279 306 4346 obtinendis
328 4279 442 4345 iterum
464 4279 697 4356 adscribantur,
720 4279 885 4344 dummodo
907 4281 1031 4344 seruent
1053 4297 1105 4358 aa,
1129 4298 1208 4361 quae
1230 4281 1262 4343 in
1288 4278 1374 4344 nouis

132 4385 215 4448 bisce
238 4382 374 4449 Statutis
397 4384 586 4467 praescripta
608 4386 691 4450 sunt.
744 4383 985 4449 consociationis
1009 4382 1168 4448 universae
1193 4382 1370 4447 Praesident

131 4489 276 4571 eligimus
291 4490 323 4552 et
339 4488 550 4554 renuntiamus
565 4489 712 4554 Nostrum
735 4489 766 4552 in
787 4488 845 4552 bac
866 4488 949 4552 alma
967 4487 1047 4552 Urbe
1062 4487 1218 4552 Vicarium
1235 4485 1266 4549 in
1283 4484 1373 4567 spiri·

131 4591 269 4656 tualibus
288 4590 462 4678 generalem
479 4611 531 4675 pro
548 4595 695 4676 tempore,
716 4596 809 4676 atque
825 4591 857 4657 in
875 4592 1056 4677 perpetuum
1076 4591 1243 4656 Patrouum
1260 4589 1370 4656 damus
