3220 4906
231 275 330 334 iodea
347 279 519 352 indulgent.
539 282 567 334 ct
584 279 666 349 prta.
686 291 807 334 consec.
824 292 848 332 e.
864 274 1008 342 tomtttoc
1026 274 1272 332 mutandorum.
1314 256 1377 323 315

137 450 239 533 Quum
260 468 329 515 vero
352 450 473 514 soleant
495 449 633 514 homines
656 446 826 532 permoveri
848 447 981 512 maximo
1003 447 1158 531 praemio;
1190 447 1272 527 Noe,
1296 449 1377 532 quod

137 555 169 618 in
193 553 342 619 facultate
365 553 479 619 Nostra
502 555 559 629 est,
585 551 755 636 praemium
771 549 979 635 spiritualium
997 551 1155 630 bonorum,
1179 571 1238 617 non
1253 551 1375 636 quidem

138 657 249 741 fragile
269 659 302 724 et
323 657 484 738 caducum,
507 657 580 734 illie,
599 656 687 740 qnasi
710 654 962 734 invitamentum,
984 654 1191 739 proponimus.
1233 655 1377 723 Getarum

138 762 256 828 maiora
278 763 454 845 exspectent
475 763 514 826 ab
537 761 595 836 iis,
625 759 737 844 quibus
768 777 801 824 ee
830 758 1035 837 devoverunt,
1070 758 1216 825 nimirum
1247 779 1266 826 a
1291 759 1379 840 Jesu,

138 865 238 932 Maria
264 867 297 931 et
322 865 455 948 dosepb,
485 865 538 948 qui
568 864 633 931 sint
663 863 760 930 servis
789 862 853 927 auis
888 863 1062 946 praesentes
1096 862 1220 946 propitii
1242 863 1274 928 in
1296 864 1379 930 omni

139 971 222 1036 vitae
244 987 349 1048 cursu,
380 972 413 1034 et
434 968 629 1052 postmodum
654 965 813 1046 efficiant,
843 968 880 1031 ut
904 985 961 1032 sua
984 967 1183 1033 sanctissima
1205 987 1241 1033 ac
1261 969 1379 1033 suavis-

137 1075 217 1140 sima
239 1075 363 1139 nomina
384 1072 508 1138 illorum
533 1070 729 1137 morientium
754 1055 850 1137 labris
873 1069 1037 1137 insideant.
1091 1070 1193 1153 Quare
1221 1071 1303 1156 quod
1325 1072 1379 1138 bo·

138 1196 211 1243 num
234 1180 435 1261 sanctumque
457 1177 510 1252 sit,
534 1175 651 1258 Deloue
670 1175 798 1260 gloriae,
822 1175 854 1239 et
876 1175 1050 1239 animarum
1071 1175 1166 1240 saluti
1189 1175 1378 1254 benevertat,

139 1280 205 1348 llos
228 1281 412 1346 auctoritate
437 1281 553 1346 Nostra
576 1279 763 1362 apostolica,
788 1278 838 1343 bie
861 1277 987 1357 litteris,
1007 1297 1173 1362 poenarum
1190 1279 1380 1345 remissioni·

139 1385 197 1451 bus
217 1403 272 1450 seu
294 1383 509 1468 indulgentiis,
533 1382 772 1467 privilegiisque,
797 1401 876 1466 quae
897 1379 979 1448 iufra
999 1382 1031 1447 in
1054 1383 1193 1467 apposito
1215 1382 1317 1448 indice
1332 1403 1380 1450 re·
1497 1435 1501 1442 .

140 1491 320 1566 censentur,
350 1505 456 1553 omnes
485 1489 517 1552 et
539 1485 678 1570 singulos
700 1483 819 1550 sodales
842 1481 1082 1551 consociationis
1106 1504 1211 1552 sacrae
1232 1485 1380 1552 llamiliae

139 1597 204 1658 tam
228 1595 406 1676 praesentas
429 1610 522 1675 quarn
546 1589 666 1655 lutnros
687 1589 734 1655 uti
757 1607 844 1672 posse
866 1588 1006 1654 volumus
1026 1592 1058 1656 ot
1079 1591 1232 1658 iubemus.

176 1773 278 1842 Index
299 1773 566 1858 indulgentiarum
588 1777 618 1838 et
631 1770 872 1856 privilegiorum
888 1771 967 1854 pice
988 1773 1212 1839 coruomotioni
1232 1793 1345 1840 eumue

544 1875 691 1960 [omiliae
715 1875 972 1944 numentanae.

451 2013 669 2099 indulgentiae
690 2013 862 2082 Plenariuo.

244 2145 408 2211 Sodalibus
432 2143 675 2210 consociationis
697 2141 808 2210 Sacrae
831 2143 981 2209 Familiae
1007 2163 1045 2213 ex
1067 2149 1197 2230 utroque
1218 2165 1291 2213 sexu
1315 2149 1379 2214 ain·

142 2249 243 2334 gulis,
279 2249 330 2332 qui
365 2248 579 2313 admissorum·
601 2247 787 2314 confessione
820 2249 882 2314 ritu
916 2248 1086 2314 christiano
1120 2250 1233 2335 expiati
1261 2271 1379 2318 sacram

143 2353 370 2418 laucbariatiam
405 2351 609 2436 sumpserint,
649 2353 682 2417 et
714 2352 928 2418 Parecbialem
962 2353 1089 2432 aedem,
1130 2354 1179 2420 vel
1212 2356 1379 2422 oratorium

141 2456 310 2542 publicum,
332 2456 442 2522 devote
466 2454 667 2536 visitaverint,
690 2455 795 2540 ibique
816 2456 997 2541 aliquandiu
1019 2457 1059 2523 ad
1079 2460 1214 2525 mentem
1231 2459 1379 2528 Nostram

140 2561 255 2627 orando
290 2559 499 2643 perstiterint,
533 2559 761 2644 indulgentiam
793 2560 962 2644 plenarium
993 2563 1196 2648 consequendi
1231 2563 1280 2631 ins
1313 2566 1380 2631 esto

140 2665 259 2744 diebus,
281 2664 336 2749 qui
358 2662 565 2747 infrascripti
588 2665 671 2731 eunt.

242 2785 268 2854 Ι.
313 2784 369 2850 Die
403 2804 464 2870 quo
496 2784 760 2852 denunciationem
795 2785 950 2868 adierint,
987 2788 1100 2855 emisse
1133 2790 1380 2856 consecrationis

140 2891 272 2956 formula
294 2907 312 2955 a
334 2890 432 2955 Nobis
454 2907 507 2973 per
529 2889 678 2955 Nostram
702 2889 831 2957 Ritunm
854 2891 1134 2978 congregationem
1150 2894 1325 2977 probatam,
1347 2897 1380 2960 et

139 2996 170 3060 in
193 2995 252 3059 bne
275 2994 367 3059 buius
390 2991 502 3058 indicis
525 2992 634 3058 relata.

244 3115 286 3182 11.
330 3114 398 3197 Quo
431 3114 481 3179 dia
513 3114 546 3178 iu
579 3131 659 3180 anno
685 3117 840 3200 generalis
874 3119 1042 3183 convontus
1078 3117 1258 3198 habebitur,
1293 3119 1382 3186 iuxta

139 3221 287 3304 cuiusque
310 3217 386 3296 loci,
408 3217 440 3283 in
462 3237 523 3302 quo
545 3219 631 3285 extat
653 3217 855 3300 (lonsociatio,
879 3220 1141 3302 consuetudinem,
1164 3220 1205 3286 ad
1226 3220 1379 3288 sodalium

141 3327 268 3410 pactum
290 3322 509 3389 renovandum.

244 3444 302 3512 111.
339 3443 455 3510 Diebus
477 3443 684 3510 festivitatum

274 3637 277 3646 ¹
324 3565 393 3632 ’10.
417 3564 605 3631 Nativitatis

348 3669 394 3736 2⁰.
420 3667 669 3734 Circumcisionis

350 3773 396 3840 30.
420 3770 612 3856 Epiphaniae
763 3771 800 3841 D.
823 3771 864 3840 N.
885 3772 917 3841 J.
940 3771 973 3839 0.

349 3875 395 3942 40.
420 3874 666 3942 Resurrectionie

349 3979 395 4045 50.
420 3977 616 4046 ascensionis

348 4085 393 4149 60.
417 4081 642 4149 Immaculatae
665 4080 881 4167 Oonceptiouis

351 4185 395 4255 70.
419 4184 604 4254 Nativitatis

349 4290 395 4356 80.
420 4289 677 4355 annuntiationis
972 4289 997 4353 B
1030 4287 1063 4354 la
1098 4290 1123 4354 V

350 4393 395 4464 90.
419 4391 648 4459 Purificationie

328 4496 394 4566 100.
417 4495 647 4581 assumptionis

455 4601 529 4666 item
553 4600 662 4667 diebus
684 4600 772 4672 lestis
855 4613 858 4618 ’
