3220 4906
215 245 278 311 318
322 261 414 318 beosa
435 258 520 316 xlll.
537 261 583 315 lla.
602 259 684 316 brev.
703 259 732 314 d.
751 259 799 314 20.
818 258 893 318 Jun.
912 259 988 316 1892
1005 262 1042 332 de
1060 265 1131 316 aaut.
1149 275 1269 317 consor·
1286 278 1309 318 a.
1325 260 1401 330 suos

214 433 391 512 crucifixos,
415 451 524 518 paruas
547 432 668 498 statuas
688 449 725 495 ae
744 431 949 510 numismata,
973 430 1078 516 eisque
1098 431 1272 517 applicandi
1295 451 1400 498 omnes
1422 433 1455 498 et

215 538 355 624 singulas
377 536 604 620 indulgentias,
635 554 711 618 quas
742 534 859 600 Summi
891 535 1054 602 Pontifices
1078 536 1249 602 attribuere
1270 536 1380 602 iisdem
1402 555 1453 602 so-

214 643 296 722 lent,
320 643 356 707 ut
375 638 561 710 describitur
582 639 614 705 in
638 641 778 723 apposito
798 639 942 717 elencho,
973 639 1027 705 sad
1049 641 1266 707 tantummodo
1287 641 1455 707 exercenda

215 765 268 831 pro
290 746 446 812 sodalibus
469 745 501 810 in
524 743 787 809 Gonsociatienem
812 741 951 821 adscitis,
974 742 1022 808 die
1045 761 1105 826 quo
1129 743 1174 807 1⁰.
1191 743 1354 810 christiani
1372 743 1454 828 piam

214 850 431 934 ingrediuntur
463 846 748 915 Gouaocietiouem:
780 851 812 912 et
845 848 890 914 20.
922 847 1114 914 sollemniter
1138 849 1298 914 renovetur
1329 851 1453 932 pactum

216 953 468 1020 (lonsociationia.

216 1143 369 1212 Formaio
392 1143 558 1211 recitando
582 1164 769 1227 quommoae
789 1143 938 1210 idiomate
960 1165 981 1208 a
1002 1143 1187 1210 cbrtatiunia
1205 1143 1352 1225 fumatiia,
1376 1165 1455 1227 quoe

557 1269 591 1314 ae
612 1268 723 1314 eoeroe
743 1248 888 1330 famelica
909 1253 1101 1314 mmeorood.

317 1378 440 1446 OJesu
464 1376 652 1460 Redemptor
669 1379 773 1443 nostm
796 1375 1030 1454 amabilissime,
1052 1377 1105 1461 qui
1128 1396 1145 1443 e
1168 1377 1252 1443 caele
1273 1376 1396 1455 missus,
1419 1378 1455 1442 ut

216 1482 365 1547 muudum
389 1481 530 1547 doctriua
545 1486 577 1547 et
590 1480 726 1565 exemplo
743 1481 925 1558 illustrares,
950 1480 1096 1545 maiorem
1119 1480 1259 1547 mortalis
1282 1482 1356 1547 tuae
1374 1480 1455 1546 ritae

215 1588 335 1669 partem
357 1587 390 1650 in
413 1585 523 1650 humili
545 1585 636 1651 domo
658 1585 820 1650 Nenenene
841 1583 1003 1651 traducere
1027 1584 1170 1664 voluisti,
1201 1585 1321 1650 Mariae
1343 1587 1375 1650 et
1397 1585 1452 1652 Jo-

215 1689 309 1773 sepbo
332 1689 493 1768 subditus,
520 1688 668 1773 illamque
692 1688 855 1753 Familiam
879 1688 1084 1766 consecrasti,
1116 1707 1195 1773 quae
1224 1689 1344 1754 cunctis
1372 1689 1454 1754 cbri-

214 1793 324 1858 stianis
348 1791 476 1858 familiis
508 1790 883 1876 futuraerateremp103
920 1794 1056 1858 nostram
1090 1790 1169 1857 hanc
1203 1791 1347 1871 domum,
1377 1812 1455 1877 quea

215 1896 285 1962 'libi
307 1915 340 1962 se
363 1898 463 1962 totam
486 1915 566 1961 nunc
588 1896 726 1974 devoret,
750 1896 902 1980 benignus
924 1895 1053 1979 suscipe.
1093 1896 1140 1961 Tu
1163 1896 1249 1960 illam
1272 1898 1400 1982 protege
1423 1900 1455 1962 et

215 1999 353 2080 custodi,
384 2001 417 2065 et
449 2001 590 2066 sanetum
625 2000 671 2065 tni
702 1999 845 2064 timorem
869 1999 900 2063 in
924 2017 961 2064 ea
984 1999 1130 2065 confirma
1152 2018 1303 2065 unacum
1328 2019 1400 2083 pace
1423 2004 1456 2066 et

215 2103 377 2171 concordie
399 2103 585 2169 christianae
608 2103 758 2180 caritatis,
780 2106 815 2168 ut
838 2102 941 2169 divino
964 2102 1130 2187 exemplari
1147 2103 1296 2168 Familiae
1319 2108 1393 2169 tuae
1413 2105 1454 2169 si-

216 2207 300 2275 milis
323 2209 395 2288 bat,
426 2225 590 2292 omnesque
614 2207 652 2273 ad
676 2227 770 2272 unum
792 2207 905 2293 quibus
927 2225 963 2272 ea
983 2207 1121 2286 constat,
1150 2206 1310 2272 beatitatis
1341 2209 1455 2292 sempi-

216 2314 321 2378 ternae
340 2310 405 2377 siut
427 2313 592 2395 compotes.

317 2414 343 2481 0
367 2416 582 2482 amantissima
603 2414 679 2481 Jesu
703 2414 820 2482 Christi
840 2417 942 2482 Mater
964 2416 996 2481 sb
1019 2417 1119 2482 mater
1141 2418 1247 2482 nostra
1265 2411 1375 2495 bieria,
1400 2417 1454 2482 tua

213 2519 329 2603 pietate
349 2520 382 2584 et
403 2519 570 2584 clementia
593 2517 655 2598 tac,
687 2521 724 2584 nt
743 2519 1002 2585 consecrationem
1026 2519 1105 2584 bano
1128 2521 1263 2585 nostram
1286 2520 1378 2587 Jesus
1399 2539 1461 2585 ac·-

213 2625 334 2707 ceptam
362 2621 484 2701 babeat,
509 2623 541 2687 et
563 2640 619 2687 sua
640 2622 727 2687 nobis
751 2621 901 2687 beneficia
923 2625 956 2687 et
978 2622 1208 2689 benedictiones
1232 2624 1396 2708 largiatur.

315 2724 481 2809 OJosepb,
504 2725 697 2791 sanctissime
712 2725 789 2793 Jesu
805 2728 837 2792 et
854 2725 969 2791 Mariae
985 2727 1097 2806 eustos,
1119 2728 1150 2793 in
1167 2727 1317 2794 universis
1332 2729 1454 2794 animae

213 2831 246 2894 et
265 2830 397 2913 corporis
421 2829 656 2895 necessitatibus
680 2831 767 2896 nubis
790 2831 853 2896 tuis
876 2831 1018 2914 precibus
1039 2849 1200 2910 succuum
1222 2837 1257 2897 ut
1275 2835 1378 2898 tecum
1394 2851 1455 2898 uua

214 2936 246 2998 et
273 2932 364 3000 beata
397 2933 524 3019 Virgine
560 2934 659 2999 Maria
688 2936 831 3000 aeternas
862 2933 965 3000 diuina
998 2934 1195 3019 Redemptori
1225 2935 1300 3003 Jesu
1330 2935 1454 3003 cbristo

211 3036 320 3102 leudes
343 3039 375 3104 et
397 3038 517 3124 gratias
540 3038 706 3121 rependere
728 3040 891 3123 pessimus.

318 3291 421 3374 Atque
442 3291 519 3358 baec
540 3291 644 3358 omnia
664 3294 695 3358 et
717 3291 850 3376 singule,
871 3292 918 3358 uti
933 3312 1027 3377 supra
1043 3293 1167 3360 decreta
1182 3295 1266 3374 sunt,
1288 3293 1335 3359 ita
1354 3296 1454 3374 firma,

212 3394 356 3474 stabilia,
380 3395 502 3461 retain
525 3399 707 3481 perpetuum
732 3397 983 3463 essevolumus:
1015 3417 1074 3464 non
1104 3399 1300 3465 obstantibus
1331 3399 1455 3467 Consti·

213 3497 384 3564 tutiouibus
414 3502 447 3564 et
477 3499 731 3566 Ordinationibus
764 3501 964 3584 Apostolicis,
993 3503 1162 3586 ceterisque
1192 3504 1355 3569 contrariis
1385 3503 1454 3588 qui·

212 3603 412 3686 buscumque.

195 3759 199 3768 .
318 3708 433 3773 Datum
467 3707 582 3773 Rornae
611 3707 694 3791 apud
726 3707 756 3774 S.
780 3710 925 3788 Petrum,
957 3710 1014 3774 sub
1046 3711 1160 3777 annulo
1187 3710 1374 3789 Piscatoris,
1404 3709 1454 3774 die

212 3811 264 3876 20.
287 3809 377 3877 Juuii
402 3811 495 3877 1892.
521 3810 725 3878 Pontificatus
748 3812 854 3878 Nostri
878 3814 966 3880 anuo
989 3813 1040 3880 15.

987 3917 1018 3986 S.
1042 3917 1131 3986 Oard.
1161 3919 1349 3988 renouati.

711 4147 742 4207 d.
775 4141 954 4212 Decretum

121 4353 126 4362 ι
317 4269 435 4338 buna.
473 4272 639 4355 Postquam
663 4270 787 4338 litterae
810 4291 829 4338 e
852 4271 946 4340 Saura
970 4273 1097 4340 Rituum
1121 4274 1379 4360 congregatione,
1403 4274 1453 4340 die

213 4373 262 4440 10.
294 4374 472 4442 Decembris
505 4377 604 4456 1890,
639 4377 677 4442 de
708 4377 796 4444 cultu
827 4377 941 4445 Sacrae
970 4379 1120 4447 Familiae
1141 4381 1336 4465 singularum
1359 4379 1453 4446 Dios·

211 4479 326 4546 ceaium
347 4479 519 4547 Ordineriis
542 4480 742 4549 transmissae
764 4481 906 4562 manunt,
936 4483 1036 4550 eidem
1065 4484 1178 4551 Sacrae
1210 4483 1450 4570 congregationi

210 4585 373 4666 sequentia
392 4585 486 4650 dubia
507 4586 663 4670 proposita
682 4588 764 4667 suut,
787 4588 951 4654 nimirum:
