3220 4906
243 246 307 318 308
347 265 1491 336 mensurna.semaeareesaeepcprov.uec-nocaccqccemrcnonae

244 438 326 503 siliis
354 437 526 521 studiisque
554 439 679 522 paribus
710 459 748 504 ne
778 439 863 523 pueri
893 438 1036 504 catholici
1065 456 1116 502 eos
1137 436 1293 503 celebrent
1317 436 1490 502 litterarius

244 541 333 608 ludos
355 542 387 606 iu
410 542 521 626 quibus
544 541 690 626 religiosa
706 562 810 609 eornm
828 543 985 609 institutio
1006 541 1269 627 praetermitittur
1283 543 1489 624 apertumque

243 646 385 711 imminet
409 665 507 711 mores
530 647 724 730 pervertendi
748 647 923 713 discrimen.

346 748 447 831 Quare
470 751 666 816 vehementer
685 753 844 833 optamus,
876 757 966 833 prout
998 751 1083 814 vobis
1113 748 1323 834 significatum
1356 751 1403 812 est
1430 767 1487 831 per

244 871 365 917 sacrum
398 852 566 919 Consilium
601 854 768 920 christiano
801 855 916 920 nomini
951 853 1166 936 propagando,
1202 854 1238 922 ut
1272 853 1303 916 in
1340 852 1486 936 proximis

245 956 462 1040 Episcopornm
489 959 688 1023 conventibus
719 958 825 1024 sedulo
854 958 1033 1024 deliberetis
1066 957 1103 1022 de
1137 957 1309 1022 rationibus
1344 956 1486 1021 ineundis
1594 968 1596 1043 3

243 1080 322 1144 quae
352 1061 423 1126 lruic
453 1061 507 1125 lini
537 1063 726 1146 assequendo
756 1062 914 1145 potissime
943 1063 1109 1129 conterant.
1156 1060 1304 1144 Cepimus
1328 1063 1486 1144 praeterea

246 1183 298 1228 uos
325 1165 411 1229 errixe
442 1165 625 1230 contendere
660 1167 694 1230 ut
727 1167 779 1249 qui
814 1184 952 1231 summae
984 1165 1027 1231 rei
1061 1169 1208 1247 praesunt
1240 1165 1269 1227 in
1306 1164 1486 1228 civitatibus
1595 1176 1596 1213 l

245 1268 377 1353 singulis
401 1269 494 1351 probe
514 1273 717 1352 agnoscentes
742 1269 818 1334 nibil
844 1289 908 1334 esse
931 1269 969 1334 ad
1001 1269 1135 1333 salutern
1167 1268 1212 1334 rei
1244 1261 1383 1350 publicae
1410 1268 1483 1332 reli·

245 1372 334 1458 gioue
357 1373 575 1456 praestantius
599 1373 783 1457 sapientium
808 1372 912 1458 legum
936 1374 1052 1439 latione
1076 1373 1274 1456 prospicient,
1301 1375 1336 1435 ut
1356 1371 1484 1436 docendi

247 1476 471 1555 ministerium,
499 1477 578 1560 quod
604 1478 734 1560 publicis
757 1477 931 1560 sumptibus
954 1476 1088 1560 adeoque
1111 1476 1234 1542 collatis
1257 1476 1350 1542 etiam
1373 1475 1481 1540 catho-

246 1580 373 1645 licorum
396 1581 504 1663 opibus
527 1585 699 1660 exercetur,
731 1581 808 1647 nihil
840 1582 952 1646 babeat
984 1580 1064 1664 quod
1086 1599 1192 1645 eorum
1215 1580 1419 1645 conscientiae
1438 1579 1484 1643 ol·

246 1683 331 1748 liciat
361 1688 415 1748 aut
447 1684 628 1768 religionem
662 1685 806 1751 offendat.
864 1684 960 1750 Nobis
991 1685 1073 1750 enim
1106 1703 1283 1767 persuasum
1320 1687 1368 1747 est
1401 1683 1485 1747 ciues

245 1805 365 1870 quoque
386 1791 503 1853 vestros
525 1789 578 1872 qui
601 1808 619 1852 a
644 1789 739 1854 Nobis
761 1789 929 1864 dissident,
962 1806 1015 1872 pro
1046 1807 1082 1853 ea
1101 1807 1163 1871 qua
1186 1789 1346 1870 praestant
1366 1787 1484 1871 ingenii

248 1891 276 1955 vi
298 1893 329 1956 et
353 1891 535 1974 prudentia,
564 1893 654 1958 lcoile
684 1893 857 1958 abiecturos
879 1893 1067 1975 suspiciones
1089 1891 1306 1974 opinionesque
1332 1890 1485 1956 Ecclesiae

246 1994 416 2060 catholicae
438 1995 573 2061 intensas
598 1996 738 2079 ultroque
761 1997 920 2080 agnituros
936 1996 1001 2060 eius
1018 1995 1141 2071 merita,
1161 2012 1249 2078 quae,
1273 1993 1400 2060 etlrnioa
1415 1993 1483 2058 bar·

247 2099 331 2162 barte
354 2119 406 2181 per
428 2101 581 2183 evangelii
606 2100 707 2166 lumen
726 2099 862 2182 depulsa,
886 2119 993 2164 nonam
1011 2099 1173 2183 progenuit
1188 2099 1379 2174 societatem,
1403 2098 1486 2162 ebri-

247 2202 419 2267 stianarum
435 2203 587 2268 virtutum
604 2203 712 2269 decora
723 2203 867 2287 omnique
882 2203 968 2268 cultu
984 2202 1189 2268 humanitatis
1204 2202 1368 2286 insignem.
1394 2202 1487 2266 Hisce

246 2309 350 2372 autem
375 2309 549 2390 perspectis,
575 2326 735 2391 passurum
759 2326 824 2372 esse
844 2307 994 2400 neminem
1019 2307 1091 2371 istic
1111 2308 1266 2389 putamus,
1292 2310 1326 2370 ut
1342 2306 1484 2371 catholici

248 2412 389 2492 parentes
411 2414 563 2495 cogentur
582 2429 618 2475 ea
640 2411 768 2477 condere
791 2411 931 2494 tuerique
958 2409 1121 2495 gymnasia
1148 2413 1180 2475 et
1208 2410 1342 2486 scholas,
1373 2411 1487 2493 quibus
1595 2480 1596 2491 ἵ

247 2515 294 2578 uti
318 2517 472 2596 nequeant
504 2515 544 2579 ad
578 2514 655 2580 lilios
689 2533 760 2580 euos
794 2514 1008 2580 instituendos.
1060 2514 1189 2580 interim
1211 2533 1247 2580 eo
1271 2515 1382 2580 reuersi
1409 2513 1487 2578 unde

248 2617 379 2699 digressi
399 2637 514 2692 sumus,
540 2616 602 2684 lore
625 2618 808 2684 confidimus
831 2621 864 2683 ut
890 2618 1033 2702 perlectis
1048 2618 1163 2684 litteris
1180 2619 1263 2684 hisce
1285 2619 1418 2696 Nostris,
1443 2619 1485 2683 nil

246 2721 336 2787 triste
370 2725 425 2786 ent
457 2721 603 2787 tetricum
636 2722 668 2788 in
694 2723 805 2788 animis
829 2721 1111 2801 vestris-resideat,
1146 2721 1226 2804 qnod
1255 2721 1292 2786 iis
1316 2721 1362 2786 nel
1386 2723 1485 2786 levem

249 2825 431 2890 nubeculam
454 2825 603 2893 offundat.
649 2825 776 2893 Certum
799 2826 860 2892 imo
884 2827 982 2891 Nobis
1006 2829 1053 2892 cst
1075 2825 1191 2891 arctius
1216 2827 1246 2889 in
1273 2825 1339 2889 dies
1361 2843 1413 2892 vos
1435 2829 1487 2889 de·

249 2930 385 2994 vinetum
418 2930 457 2995 iri
486 2931 639 3014 perlectae
671 2931 812 2996 caritatis
846 2931 974 2996 nexibus
1008 2949 1077 2994 eum
1111 2930 1222 2996 ceteris
1252 2929 1488 2994 Venerabilibus

250 3033 421 3111 Fratribus,
442 3053 518 3118 quos
541 3035 697 3100 vobiscum
723 3033 894 3100 eommunis
917 3033 1035 3116 patriae
1059 3052 1186 3111 nomen,
1208 3031 1373 3115 pastoralis
1396 3033 1487 3097 mini·

249 3137 335 3202 sterii
358 3138 509 3204 consortio
538 3141 569 3202 et
592 3157 647 3221 par
670 3141 700 3202 in
724 3157 829 3204 omnes
853 3137 1064 3203 benevolentia
1088 3137 1202 3202 Nostra
1225 3135 1396 3220 coniungit.
1440 3135 1490 3200 Sit

248 3243 335 3307 vobis
357 3261 408 3308 cor
432 3260 525 3307 unum
549 3245 580 3308 et
605 3243 709 3306 anima
733 3260 814 3318 uua,
844 3241 1003 3325 auctisque
1034 3241 1195 3307 eoncordia
1225 3241 1341 3306 uiribus
1371 3239 1489 3322 pergite

249 3345 427 3410 adlaborare
452 3346 596 3410 alacriter
619 3347 658 3411 ad
683 3345 816 3431 gloriam
838 3345 932 3409 divini
958 3345 1089 3410 nominis
1105 3347 1137 3409 et
1152 3345 1327 3410 animarum
1345 3344 1488 3408 salutem.

249 3450 316 3532 Quo
340 3467 410 3514 vero
433 3450 554 3514 uberior
577 3469 611 3514 er
635 3448 791 3516 laboribus
815 3450 924 3514 vestris
948 3449 1069 3514 tructus
1099 3450 1292 3532 premaneat,
1324 3447 1488 3530 pmpitiam

250 3552 334 3618 vobis
359 3553 567 3636 adprecamur.
613 3551 842 3635 omnipotentis
865 3572 971 3635 opem,
1004 3553 1130 3635 eiusque
1157 3553 1188 3616 in
1209 3553 1380 3635 auspicium
1405 3555 1487 3634 Ape·

250 3656 391 3723 stolicam
415 3658 658 3724 benedictionem
683 3657 767 3723 vobis
794 3657 989 3722 venerabiles
1013 3657 1153 3734 Fratres,
1181 3655 1270 3721 Olero
1292 3659 1324 3722 et
1345 3654 1491 3720 fidelibus

251 3761 432 3844 vigilantiae
452 3763 571 3828 restrae
593 3761 775 3839 commissis,
801 3763 995 3845 peramanter
1018 3761 1047 3826 in
1074 3760 1205 3824 Domino
1227 3759 1431 3843 impertimus.

356 3882 470 3947 Datum
494 3883 608 3948 Rerum
631 3884 711 3967 apud
734 3883 765 3948 S.
790 3884 917 3948 Petrum
940 3882 989 3946 die
1013 3882 1064 3946 24.
1086 3881 1165 3946 Maii
1187 3901 1265 3946 anuo
1292 3881 1383 3955 1892,
1412 3881 1491 3945 Pon-

250 3984 388 4051 tificatus
412 3985 518 4052 Nostri
542 3987 797 4070 decimoquinto.

712 4179 1021 4190 .—.-.—-...
