3220 4906
146 297 254 370 Conpr.
276 297 364 354 uene.
384 301 420 355 de
440 301 555 354 arcione
574 300 644 354 eccl.
664 299 869 354 Saccumum
888 299 1016 354 abbatae
1035 302 1101 356 ord.
1119 299 1146 354 S.
1164 299 1275 357 Beaed.
1317 285 1380 349 289

559 471 749 553 Disceptatio
771 470 947 556 Synoptica.

245 573 427 638 Tridentinus
452 573 593 658 Synodus
616 594 689 641 sess.
712 577 753 639 24
775 597 841 660 cap.
867 575 967 642 1333
992 575 1237 654 reformasset,
1271 577 1305 639 ut
1331 575 1379 638 >in

143 678 305 743 unionibus
328 677 516 762 quibuslibet
539 699 591 744 seu
615 699 650 744 en
673 680 867 762 supradietis,
891 701 946 746 seu
971 681 1040 745 aliis
1061 680 1216 745 decausis
1233 679 1380 744 faciendis

142 783 287 848 eeclesiae
322 781 512 864 parochiales
548 784 742 848 monasteriis
776 783 1038 868 quibuscumque,
1071 785 1127 850 aut
1160 782 1296 848 abbatiis
1326 802 1378 846 sen

141 885 347 970 dignitatibus
366 886 430 952 sire
454 886 634 970 praebendis
656 887 804 954 ecclesiae
827 887 1015 952 cathedralis
1037 937 1092 955 ...
1119 907 1176 953 non
1200 887 1376 953 uniantnm

244 990 312 1055 Iino
333 990 518 1074 parochialis
543 991 614 1055 unio
638 991 682 1055 ita
706 992 753 1056 est
775 1011 793 1056 3
813 990 947 1058 Concilio
969 991 1140 1076 prohibita,
1165 995 1199 1057 ut
1223 991 1380 1075 quaelibet

139 1093 213 1159 licet
235 1113 329 1178 parra
348 1113 419 1177 pars
443 1094 598 1160 fructuum
622 1094 751 1160 distrahi
775 1115 793 1159 a
816 1095 966 1179 paroecia,
990 1099 1022 1161 33
1043 1095 1229 1162 monasterio
1252 1095 1378 1159 autulii

141 1216 250 1262 causae
270 1197 338 1280 piae
361 1197 484 1263 adnecti
507 1198 724 1281 prohibeatur,
755 1203 844 1282 prout
868 1199 1004 1265 referunt
1027 1200 1164 1266 decisum
1189 1200 1284 1265 fuisse
1306 1217 1325 1263 a
1346 1197 1377 1264 S.

141 1301 175 1366 O.
199 1301 233 1368 C.
257 1300 387 1368 Garoias
411 1321 476 1385 cap.
501 1303 520 1366 2
544 1306 622 1385 part.
651 1304 689 1366 12
713 1323 742 1370 n.
766 1303 805 1367 87
831 1305 862 1368 33
888 1304 1023 1369 Barbosa
1046 1303 1138 1388 alleg.
1163 1303 1206 1367 66
1231 1323 1259 1367 3.
1283 1303 1334 1368 30.

246 1405 284 1470 ur
304 1407 414 1471 merito
438 1405 578 1488 quidem,
607 1423 678 1470 nam
702 1405 828 1472 uniones
859 1407 981 1472 odiosae
1003 1408 1035 1471 iu
1058 1408 1123 1472 iure
1145 1409 1322 1486 censentur,
1347 1409 1379 1470 et

139 1528 216 1592 pene
238 1509 335 1574 instar
358 1509 579 1575 alienationum
600 1509 761 1588 habentur,
787 1511 832 1575 De
855 1511 938 1576 Luca
963 1512 1007 1576 De
1029 1511 1181 1594 parochiis
1203 1510 1315 1594 diseep.
1336 1510 1378 1574 35

141 1635 168 1676 n.
193 1614 223 1691 6,
248 1613 445 1679 Reiffenstuel
470 1613 508 1677 ad
534 1613 582 1678 tit.
607 1615 627 1679 5
649 1613 703 1679 lib.
727 1615 747 1678 3
772 1635 801 1679 n.
825 1615 875 1680 68.
1092 1690 1096 1699 Ι

243 1716 374 1798 Quodsi
398 1718 429 1782 in
452 1716 589 1801 quolibet
612 1719 732 1783 unionis
763 1737 834 1782 cusu
866 1717 1021 1802 procedit,
1052 1719 1244 1801 potissimum
1277 1718 1378 1782 valere

140 1820 231 1886 debet
254 1821 285 1885 in
308 1841 380 1887 casu
405 1822 523 1886 unionis
548 1821 709 1903 perlectae,
732 1823 832 1906 quoad
852 1823 1031 1888 beneficium
1048 1823 1166 1888 seilicet
1183 1824 1215 1888 ct
1230 1822 1375 1902 officium,

138 1943 192 1988 seu
225 1925 391 1990 extinctire
427 1945 462 1991 ac
494 1925 675 1992 translative
707 1927 814 2006 tituli,
851 1946 927 2009 quae
959 1927 989 1990 iu
1024 1927 1163 1992 themate
1198 1927 1376 2010 exquiritur.

139 2027 227 2093 Unde
251 2027 281 2096 S.
299 2028 332 2095 C.
350 2027 383 2096 (l.
404 2029 578 2113 aliquando,
604 2029 677 2095 licet
701 2031 860 2114 recognita
883 2032 965 2096 iusta
985 2031 1105 2096 unionis
1126 2049 1227 2108 eausa,
1251 2031 1376 2095 uniones

141 2131 292 2213 perfectas
316 2131 399 2197 baud
423 2133 520 2198 voluit
543 2134 679 2210 sancire,
706 2133 759 2198 sed
790 2134 870 2218 quod
906 2135 1065 2199 minimum
1095 2137 1195 2217 potuit
1217 2133 1376 2210 concessit,

141 2235 234 2298 ueluti
259 2235 289 2299 in
314 2235 490 2302 Cracovien.
515 2235 799 2316 3333331740,
831 2239 863 2302 et
895 2239 926 2302 iu
955 2237 1202 2321 Compostellana
1226 2237 1276 2301 20.
1301 2235 1375 2320 Sep·

140 2339 267 2403 ternbris
295 2339 392 2404 1692:
416 2341 513 2424 primo
536 2340 666 2425 collegio
689 2340 852 2406 Societatis
875 2341 951 2406 Jesu
972 2343 1073 2426 inopia
1096 2341 1265 2422 laboranti,
1290 2341 1322 2407 33
1345 2341 1376 2404 in

140 2441 240 2507 altera
262 2445 411 2508 conventu
444 2443 477 2510 P.
502 2445 536 2510 P.
562 2445 832 2511 Dominicauorum
861 2465 897 2511 ex
928 2445 1024 2512 simili
1056 2465 1166 2524 cansa,
1200 2444 1374 2529 parochiam

140 2545 219 2610 uniri
244 2546 384 2628 permisit
405 2547 539 2630 quidem,
564 2549 608 2613 ita
624 2551 738 2628 tamen,
762 2551 798 2615 33
813 2549 851 2614 ad
869 2549 1042 2634 paroeciam
1059 2549 1225 2634 regendam
1243 2550 1375 2615 vicarius

139 2652 304 2732 perpetuus
323 2651 488 2716 saecularis
512 2651 720 2736 deputaretur.

241 2753 321 2836 Quin
343 2755 465 2819 dicatur
487 2755 516 2819 iu
542 2775 615 2821 casn
638 2757 675 2822 de
698 2777 756 2840 quo
780 2758 955 2841 quaerimus
984 2758 1084 2842 magis
1111 2777 1202 2842 quam
1232 2758 1375 2822 unionem

139 2857 244 2922 baberi
276 2858 499 2925 restitutionem
530 2860 569 2926 ad
600 2862 761 2944 antiquum
792 2865 910 2926 statum
940 2881 975 2926 33
1005 2862 1159 2946 imperiali
1182 2861 1309 2943 Josepbi
1334 2860 1374 2925 ΙΙ.

138 2961 259 3026 decreto
284 2961 430 3028 uiolenter
453 2965 623 3028 turbatum.
661 2966 847 3050 Responderi
872 2967 952 3029 enirn
978 2970 1086 3048 potest,
1112 2966 1260 3048 quidquid
1280 2965 1323 3029 sit
1337 2963 1375 3029 de

137 3065 263 3149 antiquo
286 3069 370 3131 statu
395 3067 539 3131 ecclesiae
564 3067 593 3132 S.
617 3067 745 3145 Jacobi,
776 3071 808 3134 et
833 3071 871 3134 de
894 3069 1059 3152 illegitimo
1083 3068 1264 3152 procedendi
1286 3067 1374 3132 ruodo

135 3168 264 3252 Josephi
280 3169 331 3248 11,
355 3170 435 3234 circa
458 3189 536 3253 quae
561 3191 617 3236 uon
641 3173 816 3256 quaerimus
837 3177 869 3238 et
892 3175 1044 3238 elemento
1069 3171 1225 3238 iudicandi
1245 3171 1373 3247 desuut;

137 3273 258 3338 ridetur
287 3276 388 3338 tamen
420 3293 593 3359 supremam
625 3275 655 3341 S.
682 3275 768 3342 Sedis
802 3279 986 3360 potestatem
1021 3277 1053 3342 in
1081 3276 1138 3342 boc
1160 3275 1369 3342 intervenisse.

135 3379 264 3444 Attente
287 3379 366 3443 enirn
391 3378 507 3462 legenti
530 3379 699 3462 supplicem
725 3382 943 3445 monachornm
968 3380 1128 3460 libellum,
1160 3379 1234 3445 licet
1257 3380 1290 3444 iu
1314 3379 1372 3444 hac

135 3483 222 3564 parte
245 3481 403 3565 paululum
428 3484 611 3558 obscurum,
640 3484 716 3549 hacc
739 3469 843 3549 3333333
866 3485 910 3548 ibi
934 3486 1109 3550 asseverata
1132 3504 1197 3551 esse
1222 3483 1372 3563 ridentur,

136 3584 281 3650 nimirum
305 3585 464 3651 ecclesiam
489 3585 519 3654 S.
543 3585 654 3652 Jacobi
681 3588 720 3652 ab
744 3587 980 3672 Augustinianis
1004 3589 1177 3673 antiquitus
1201 3607 1373 3673 possessum

135 3689 324 3754 cathedralis
345 3689 463 3754 iuribus
487 3692 518 3755 et
539 3690 709 3775 privilegiis
741 3691 915 3758 decoratam
950 3693 1107 3759 extitisse:
1138 3692 1307 3776 Josephum
1330 3690 1372 3756 II.

134 3791 352 3858 monasterium
378 3794 541 3862 evertisse:
566 3793 730 3860 Graeciam
754 3797 858 3861 sedem
881 3796 1087 3881 episcopalem
1106 3795 1319 3861 constituisse:
1342 3797 1372 3860 et

134 3895 241 3962 exinde
263 3895 472 3963 cathedralem
496 3897 527 3964 S.
545 3898 654 3965 Jacobi
675 3899 836 3965 ecclesiam
852 3900 978 3964 titulum
997 3903 1027 3966 et
1043 3899 1172 3984 gradum
1195 3897 1371 3977 mutavisse,

136 3997 166 4063 id
197 4002 244 4065 333
267 4001 473 4084 parochialem
499 4002 555 4068 sub
578 4003 673 4069 titulo
701 4005 735 4070 B.
760 4003 800 4068 Μ.
824 4005 859 4068 V.
895 4005 1098 4088 Assumptae,
1132 4005 1243 4069 laetam
1268 4003 1372 4084 fuisse,

135 4105 227 4171 Porro
251 4105 276 4168 si
300 4105 375 4170 haec
399 4107 443 4170 ita
465 4106 538 4186 sint,
562 4107 697 4173 dubitari
722 4127 782 4172 non
806 4109 916 4190 potest,
940 4108 1104 4191 quominus
1127 4110 1159 4174 in
1179 4111 1372 4175 conversione

133 4208 278 4273 ecclesiae
313 4209 343 4276 S.
370 4209 480 4276 Jacobi
510 4211 542 4276 iu
576 4229 684 4278 ueram
719 4213 954 4295 inferioremque
979 4212 1059 4278 hanc
1082 4213 1285 4279 conditionem
1311 4234 1370 4279 nou

133 4312 340 4378 intercesserit
362 4312 392 4380 S.
409 4313 497 4381 Sedis
520 4315 759 4400 heneplacitum:
784 4317 850 4381 sine
873 4335 907 4382 eo
929 4315 1010 4380 enim
1036 4316 1229 4383 cathedrales
1251 4317 1370 4382 destrui

133 4435 287 4499 novaeque
309 4418 455 4484 constitui
475 4439 535 4485 nou
555 4423 699 4503 possunt:
723 4423 909 4504 quapropter
925 4421 1167 4486 concludendum
1187 4439 1307 4504 quoque
1326 4424 1371 4486 ri-

133 4519 224 4584 detur
248 4539 356 4584 noram
380 4522 614 4607 inferioremque
636 4523 714 4590 lianc
737 4525 941 4590 conditionem
960 4523 1106 4590 ecclesiae
1122 4524 1152 4592 S.
1169 4523 1278 4591 iacobi
1294 4524 1370 4612 legi-

134 4625 244 4688 timam
264 4623 354 4690 modo
376 4644 451 4691 esse.
