3268 4894
224 255 286 321 182
377 271 467 327 Poen.
487 288 536 341 up.
554 271 581 325 3.
601 271 693 326 Jurra'r'
712 271 784 325 1891
804 271 841 324 dc
859 283 924 324 non
940 268 1073 338 petendo
1092 267 1205 322 divort.
1222 268 1316 322 viruli.

226 449 283 512 est.
331 447 419 510 Auno
440 445 544 510 autern
570 443 705 510 188...
730 442 808 506 clam
833 441 943 524 effugit
968 441 1029 518 vir,
1055 459 1178 504 uxorem
1201 438 1388 524 filiolamque
1411 441 1465 506 de·

223 569 344 627 serens,
368 567 465 633 neque
488 547 527 613 ab
548 565 583 615 eo
607 549 743 629 tempore
765 545 934 630 quidquam
957 545 995 610 ab
1019 564 1054 609 eo
1077 543 1218 608 auditum
1241 544 1305 621 est;
1328 545 1464 610 creditur

226 655 426 719 Americanas
454 651 594 736 regiones
618 651 760 734 petiisse;
792 650 844 714 nbi
875 651 979 714 autem
1004 648 1128 725 latitet,
1158 648 1226 730 ipsa
1247 666 1336 726 uror,
1368 649 1465 714 trater

225 758 294 835 viri,
318 758 379 822 iuro
401 761 528 840 agentes
550 755 725 820 consulares
744 754 889 837 detegere
911 753 1123 837 nequiverunt.

326 860 349 927 J
351 879 474 926 arnvero
490 861 600 925 misera
616 877 699 938 uror,
722 860 757 923 nt
776 858 896 922 ruinam
917 859 1005 935 uitet,
1029 861 1189 942 servetque
1205 877 1283 942 quae
1300 861 1465 943 supersunt

223 967 302 1030 bona
325 984 344 1030 a
369 964 480 1030 marito
503 983 561 1029 non
585 962 773 1046 dilapidata,
804 963 907 1045 plures
930 961 1002 1026 lites
1024 962 1176 1027 sustinere
1199 962 1311 1039 debet;
1341 962 1465 1046 insuper

224 1069 371 1154 quasdam
390 1087 528 1134 summas
550 1068 581 1132 in
604 1069 746 1132 mutuum
772 1068 885 1149 petere,
909 1066 1014 1133 doruos
1037 1067 1084 1130 vel
1108 1068 1206 1131 terras
1229 1067 1338 1132 locare.
1371 1067 1465 1131 Porro

221 1174 347 1258 exlege
370 1173 455 1238 civili
478 1172 603 1255 gallica,
627 1171 749 1236 etiamsi
769 1171 835 1254 jam
860 1171 1095 1254 separationem.
1118 1172 1154 1235 ut
1172 1169 1290 1248 dicunt,
1313 1171 1463 1236 bouorrrm

221 1278 408 1352 obtinuerit,
440 1295 497 1340 non
526 1277 630 1340 tamen
662 1277 762 1358 potest
786 1275 943 1358 praedicte
965 1275 1068 1339 omnia
1090 1293 1234 1358 peragere
1253 1276 1367 1358 absque
1391 1294 1463 1338 con·

223 1401 312 1448 serrsu
337 1381 450 1455 mauriti,
479 1379 525 1444 vel
548 1379 659 1444 saltem
683 1379 798 1461 ubsque
821 1379 985 1456 sententia,
1007 1380 1038 1442 iu
1062 1378 1194 1463 singulis
1216 1379 1338 1444 casibus
1362 1379 1465 1462 requi-

223 1487 301 1564 sita,
332 1485 468 1568 judicum
500 1483 638 1549 civilium
667 1501 847 1550 corrsensum
881 1483 936 1547 viri
969 1483 1090 1548 absenti
1117 1483 1335 1566 supplentium.
1385 1482 1465 1546 Hinc

224 1592 364 1674 sumptus
384 1588 521 1653 continui
544 1588 705 1652 mulierem
729 1590 914 1673 gravantes;
939 1587 1011 1652 binc
1034 1587 1129 1652 etiam
1152 1587 1319 1651 dilationes
1344 1587 1372 1650 iu
1391 1606 1463 1651 cnu-

223 1695 265 1761 sis
287 1694 366 1777 apud
391 1693 560 1759 tribunalia
581 1691 791 1775 pendentibus,
815 1710 895 1775 quae
910 1692 968 1774 ipsi
986 1691 1073 1756 ualde
1091 1694 1210 1757 nocent.
1232 1691 1351 1772 Urgent
1367 1691 1461 1756 adro·

223 1799 284 1862 ceti
309 1800 340 1862 et
363 1797 593 1879 procuratores,
622 1796 675 1880 qni
696 1796 734 1860 de
754 1797 844 1862 rebus
865 1796 932 1880 ejus
955 1797 1085 1872 curant,
1114 1797 1150 1860 ut
1179 1795 1346 1860 diuortium
1375 1795 1465 1860 ciuile

225 1904 328 1984 petat,
357 1900 565 1983 dictitantque
597 1900 654 1966 boc
684 1900 782 1965 solum
806 1919 871 1966 esse
895 1900 1030 1965 medium
1051 1901 1131 1983 quod
1155 1901 1194 1964 ab
1218 1899 1393 1982 buJusmodi
1416 1899 1465 1962 in·

225 2003 476 2070 conuenientibus
499 2005 532 2068 et
554 2003 675 2070 darnuis
698 2005 788 2068 eximi
811 2008 913 2088 queat.

329 2108 411 2172 Hinc
432 2108 605 2192 quaesitura
630 2126 778 2192 sequeus:

329 2211 420 2276 Dicta
441 2211 552 2277 mulier
575 2231 713 2294 expresse
737 2212 898 2294 profitetur
922 2211 1092 2276 doctrinam
1118 2210 1272 2276 Ecclesiae
1295 2211 1377 2276 circa
1397 2230 1463 2274 ma-

224 2317 403 2381 trimonium
424 2318 455 2382 et
477 2335 586 2382 causas
610 2315 852 2382 matrimoniales
868 2315 905 2380 ad
924 2316 1003 2380 solos
1017 2315 1135 2397 judices
1151 2315 1377 2380 ecclesiasticos
1396 2334 1464 2398 per·

225 2421 378 2496 tinentes;
403 2439 540 2503 expresse
568 2419 722 2502 promittit
746 2439 777 2484 se
801 2419 926 2484 obtento
949 2419 1080 2484 divortio
1103 2419 1187 2484 civili
1212 2438 1367 2503 nunqnam
1393 2438 1465 2482 usu·

224 2542 290 2588 ram
314 2527 349 2588 ut
371 2543 465 2590 novas
488 2524 620 2589 intentet
644 2523 777 2606 nuptias.
812 2525 857 2587 Αιι
874 2525 970 2606 possit
986 2526 1057 2589 tute
1073 2524 1261 2588 conscientia
1277 2543 1369 2605 agere
1384 2523 1465 2605 apud

221 2627 340 2711 judices
360 2628 466 2694 civiles
490 2631 526 2694 ut
549 2628 638 2692 civile
659 2627 825 2692 diuortium
845 2628 1003 2706 obtineat,
1035 2645 1070 2691 eo
1101 2628 1160 2691 fine
1191 2631 1225 2692 ut
1256 2647 1288 2692 se
1311 2627 1425 2692 eximet
1448 2647 1464 2690 a

223 2733 496 2815 supramemoratis
519 2731 639 2798 damnis
662 2731 753 2796 etde
775 2731 838 2798 suis
862 2731 948 2796 bonis
972 2751 1008 2796 ac
1032 2732 1122 2796 rebus
1146 2730 1242 2796 libere
1263 2731 1432 2814 disponat?

332 2837 370 2900 lit
395 2836 507 2901 Deus.
532 2886 539 2903 .
565 2885 572 2900 .

381 2940 483 3008 Ν.
508 2939 557 3004 die
579 2941 608 3004 3.
633 2937 778 3006 Januarii
803 2939 894 3005 1891.

435 3062 469 3127 Β.
516 3063 722 3144 Responsum.

328 3183 422 3247 Sacra
447 3183 705 3263 Paenitentiam,
734 3187 853 3248 mature
876 3183 1078 3248 consideratis
1101 3183 1264 3265 expositis,
1296 3183 1334 3246 ed
1358 3201 1465 3265 propo-

223 3287 318 3350 situm
341 3286 469 3351 dubium
493 3286 673 3370 respondet:
698 3287 856 3371 Nepaliue.

331 3391 443 3456 Datum
468 3393 592 3469 Romae,
616 3393 646 3456 in
669 3391 762 3458 Socra
788 3392 1036 3471 Poeuitentiariu,
1061 3391 1111 3455 die
1133 3392 1182 3455 14.
1206 3390 1349 3456 Januarii
1372 3389 1465 3458 1891.

907 3495 945 3562 F.
968 3495 1082 3578 Sepnu,
1106 3493 1138 3560 S.
1162 3495 1197 3560 P.
1223 3495 1258 3561 R.

801 3599 833 3665 V.
858 3601 1026 3675 Maricelli,
1050 3599 1080 3666 8.
1106 3601 1141 3665 P.
1165 3599 1371 3664 Substitutus.

439 3748 463 3800 5.
491 3747 517 3802 S.
536 3747 617 3801 Poen.
636 3749 720 3816 apost.
738 3747 764 3801 d.
782 3747 808 3801 8.
826 3747 902 3802 Junii
922 3747 986 3802 1891
1008 3745 1040 3802 de
1057 3746 1140 3800 simili
1158 3762 1246 3802 cauae.

581 3850 736 3920 (Oenoniste
753 3855 885 3920 contemp.
906 3851 973 3906 1892
990 3867 1017 3919 p.
1034 3849 1107 3918 227.)

435 3964 470 4029 A.
516 3963 723 4045 Suppliculio.

538 4085 721 4151 Beatissimo
745 4085 850 4152 Pater.

330 4205 442 4270 Mulier
459 4206 486 4271 N
504 4257 510 4270 .
528 4257 554 4282 .,
572 4207 602 4272 N
620 4257 626 4271 .
644 4259 650 4273 .
669 4257 675 4270 .
691 4207 721 4271 N
738 4259 745 4274 .
763 4257 770 4273 .
790 4259 796 4272 .
816 4208 972 4286 dioecesis,
990 4210 1019 4273 vi
1039 4208 1148 4293 judicii
1168 4208 1269 4274 ciuilis
1285 4226 1364 4272 auaro
1382 4205 1466 4270 1884

225 4315 367 4391 separata
390 4329 409 4373 a
432 4311 496 4375 niro
519 4311 619 4394 quoad
643 4315 755 4391 torum,
785 4312 878 4377 vellet
900 4332 974 4377 suae
998 4315 1099 4395 neptis
1122 4316 1221 4377 matre
1243 4311 1371 4376 orbatae
1394 4315 1425 4374 et
1448 4329 1467 4374 a

225 4415 311 4494 patre
335 4413 500 4479 derelictae
524 4433 629 4478 curem
653 4417 685 4480 et
708 4416 785 4480 boun
809 4416 993 4499 temporalia
1016 4436 1138 4500 gerere,
1173 4416 1329 4499 ipsiusque
1352 4414 1465 4480 educu-

225 4516 301 4581 tioni
324 4517 511 4582 christianae
535 4517 702 4600 providere,
725 4519 797 4603 quin
821 4520 993 4585 timendum
1015 4521 1057 4585 sit
1077 4539 1113 4586 ne
1136 4521 1174 4584 ab
1198 4520 1255 4585 boc
1277 4519 1324 4602 pio
1342 4537 1466 4584 munere

226 4619 421 4704 adimplendo
442 4621 525 4686 mala
547 4621 622 4689 dicti
641 4623 740 4707 patris
760 4623 920 4690 uoluntate
936 4625 1143 4708 prohibeatur.
1170 4621 1230 4690 Sed
1246 4625 1304 4690 hoc
1319 4622 1466 4689 eximium
