3268 4894
270 205 313 262 Dc
332 207 423 261 bonis
440 205 510 262 cccl.
527 208 621 262 sarran
639 206 732 261 bolus
749 219 827 261 succ.
847 221 867 260 u
884 203 1012 276 pubem.
1033 203 1143 261 Gallie.
1163 207 1332 275 occupatis.
1378 187 1439 254 167

941 377 1039 451 Paris,
1065 378 1115 445 17.
1137 377 1218 444 Julii
1242 377 1333 443 1802.

302 484 364 549 Par
395 482 517 567 publica
545 483 684 566 postulat
712 484 744 549 et
772 480 994 548 ecclesiasticos
1022 481 1103 548 viros
1134 482 1239 561 decet,
1275 485 1311 546 ut
1342 503 1438 566 neque

197 588 318 671 publice
342 606 439 670 neque
461 587 607 671 priuatim
633 587 671 650 iis
694 586 925 670 quaestionibus
957 586 1037 652 ultro
1061 605 1092 651 se
1114 585 1330 666 immisceant,
1360 607 1438 671 quae

197 691 415 758 alienationem
440 691 608 775 respiciunt
630 691 777 756 bonorum
799 689 1014 758 nationalium.

302 796 453 880 Repulsiti
481 814 550 860 vero
578 795 678 879 qrroad
702 795 783 860 bona
806 798 844 859 ad
868 794 1014 861 ecclesias
1036 797 1068 858 et
1092 795 1142 878 pia
1165 793 1231 858 loca
1254 795 1436 877 spectantia,

196 898 377 983 respondere
399 900 521 976 debent,
545 900 624 984 quod
648 902 786 966 seruetur
809 899 961 965 articulus
985 899 1074 965 XIll.
1099 898 1281 964 concordati.

299 1003 449 1089 Requisiti
472 1005 577 1068 autem
602 1004 694 1068 iidem
718 1003 920 1070 ecclesiastici
937 1003 994 1068 viri
1012 1023 1029 1067 a
1046 1003 1271 1086 possessoribus
1287 1004 1438 1068 beliorum

196 1107 418 1184 nationalium,
448 1127 487 1172 an
510 1108 567 1172 illa
588 1108 729 1188 legitimo
752 1108 883 1173 retinere
909 1108 1082 1190 possintne
1107 1127 1163 1191 par
1187 1107 1311 1191 publica
1334 1109 1366 1171 et
1388 1126 1435 1176 so-

195 1211 282 1276 cialis
304 1211 376 1277 ordo
399 1212 605 1294 perturbetur,
630 1211 810 1297 respondere
829 1215 984 1290 tenentur,
1006 1211 1158 1276 neminem
1176 1212 1334 1276 aduersari
1351 1229 1436 1295 posse

196 1315 371 1400 rigentibus
394 1315 529 1400 supremi
552 1315 694 1400 gubernii
715 1315 836 1400 legibus
860 1315 958 1399 quoad
983 1315 1051 1400 ipsa
1072 1315 1150 1380 bona
1180 1315 1270 1390 latis,
1302 1317 1334 1381 ct
1365 1334 1437 1379 oon·

194 1422 357 1504 sequenter
387 1421 468 1502 ipsus
497 1419 673 1486 eorumdem
706 1421 854 1485 bonorum
886 1420 1107 1504 possessionem
1136 1417 1278 1503 legitime
1307 1421 1436 1484 retinere

195 1542 292 1607 posse.
336 1523 492 1606 (Blattau,
514 1522 642 1590 Statuta
664 1543 729 1608 syn.
757 1523 826 1602 VlI,
851 1544 879 1608 p.
904 1523 970 1610 46).

329 1683 360 1746 3.
391 1679 530 1746 [adnue
551 1679 639 1746 Emi
660 1679 846 1747 Ourdiuclls
871 1678 1019 1746 unsaros
1041 1701 1070 1743 a.
1092 1683 1180 1745 1818
1198 1677 1301 1745 datae.

625 1800 838 1866 illustrissime
862 1801 1001 1866 Domine.

300 1921 424 1988 bitteris
447 1921 528 2000 tuis,
551 1921 652 1988 lllme
675 1923 771 1999 Iane,
796 1923 827 1988 5.
852 1922 900 1986 die
925 1921 1000 1987 Maii
1027 1921 1109 1986 datis
1134 1940 1349 2006 responsurus,
1373 1921 1436 1986 dis·

193 2026 340 2090 simulare
361 2027 443 2092 certe
466 2045 524 2091 noo
549 2045 672 2110 possum
704 2025 836 2092 dolorem
871 2046 991 2102 meum,
1023 2026 1103 2108 quod
1134 2025 1256 2090 residua
1286 2025 1364 2091 bona
1397 2026 1434 2090 ad

193 2129 346 2195 Ecclesiae
374 2149 410 2195 ac
442 2129 632 2196 Monasteria
665 2131 721 2194 sub
756 2129 911 2195 Gubernio
942 2129 1062 2195 Gallico
1092 2149 1234 2213 supressa
1262 2129 1335 2194 oiim
1354 2137 1435 2214 'per-

191 2233 326 2299 tinentia
346 2235 519 2300 conservari
544 2235 661 2299 intucta
682 2253 738 2300 oon
760 2233 878 2318 possint
897 2235 936 2298 ad
961 2235 1080 2299 bitures
1105 2236 1134 2299 in
1159 2233 1246 2299 bonis
1267 2234 1434 2320 'stabilibus

192 2337 314 2403 facilius
337 2339 567 2405 constituendas
592 2337 799 2404 llcclesiarum
822 2338 1006 2404 dotationes.
1059 2339 1136 2403 Cum
1160 2340 1264 2424 tamen
1285 2337 1432 2403 bonorum

191 2441 331 2519 illorum,
363 2444 397 2508 ut
419 2462 454 2508 er
481 2443 519 2508 iis
541 2442 656 2509 litteris
679 2443 823 2526 apparet,
855 2441 916 2508 iam
954 2443 1075 2507 decreta
1112 2441 1247 2508 venditio
1278 2442 1362 2506 brevi
1392 2443 1434 2507 sit

190 2545 384 2629 exequutioni
401 2545 584 2622 mandanda,
600 2546 681 2631 quod
698 2546 810 2612 Sancta
827 2545 920 2612 Sedes
935 2547 1085 2630 impedire
1099 2566 1157 2613 non
1171 2548 1282 2631 potest,
1300 2565 1433 2630 aequum

190 2652 253 2728 est,
278 2655 313 2715 ut
335 2649 482 2716 Summus
503 2651 660 2730 Pontifex,
686 2651 944 2735 quemadmodum
969 2650 1072 2717 lllma
1099 2650 1274 2717 Domioatio
1298 2652 1353 2714 tua
1376 2669 1431 2734 po-

190 2753 303 2834 stulat,
329 2759 462 2820 mentem
485 2773 572 2820 suam
601 2755 682 2820 circa
711 2755 859 2820 bonorum
883 2755 1005 2822 illorum
1031 2755 1265 2839 acquisitionem
1289 2754 1432 2822 declaret.

189 2857 278 2922 Mens
299 2861 403 2923 autem
427 2857 612 2925 sanctitatis
635 2859 715 2924 Suae
737 2861 805 2924 est:
839 2859 918 2924 bona
950 2859 1005 2923 illa
1034 2859 1121 2924 licite
1144 2859 1206 2924 emi
1235 2877 1340 2943 posse,
1366 2858 1391 2922 si
1416 2877 1434 2922 a

190 2962 346 3028 Gubernio
369 2961 507 3042 Gallico,
531 2963 603 3029 licet
627 2983 685 3028 non
709 2963 884 3041 divendita,
914 2965 1064 3048 occupata
1085 2967 1189 3028 tamen
1213 2963 1337 3029 inerunt
1360 2965 1433 3027 ante

189 3065 298 3132 initam
324 3087 392 3132 cum
417 3066 532 3132 Sancta
554 3065 631 3133 Sede
654 3068 886 3134 conventionem
910 3068 981 3133 anni
1007 3067 1102 3132 1801.
1133 3067 1220 3148 Quod
1241 3066 1375 3150 pertinet
1394 3066 1432 3130 ad

189 3170 334 3246 dubium,
358 3170 438 3254 quod
460 3170 593 3237 secundo
616 3171 682 3238 loco
706 3171 864 3255 proponis,
889 3191 1015 3255 nempe,
1037 3171 1109 3255 quid
1133 3170 1329 3237 sentiendum
1350 3171 1432 3236 circa

187 3275 268 3340 bona
290 3275 456 3352 Ecclesiae,
479 3294 557 3360 quae
580 3277 637 3341 sub
661 3275 811 3360 regimine
834 3275 954 3342 Gallim
978 3277 1045 3358 post
1067 3276 1284 3340 concordatum
1308 3274 1432 3340 vendita

189 3381 221 3444 et
243 3398 261 3444 a
283 3379 446 3444 catholicis
469 3379 542 3446 viris
565 3380 719 3464 acquisita
741 3379 877 3456 fuerunt,
901 3399 987 3446 mens
1004 3381 1120 3464 pariter
1137 3379 1166 3446 S.
1182 3379 1212 3445 S.
1229 3381 1287 3456 est,
1308 3379 1334 3443 si
1353 3379 1433 3444 bona

187 3482 243 3548 illa
266 3487 337 3549 ante
356 3482 574 3550 concordatum
597 3484 750 3569 acquisita
771 3484 904 3562 luemnt,
930 3485 1004 3549 licet
1028 3484 1161 3550 venditio
1178 3487 1246 3568 post
1262 3484 1430 3548 concorda·

188 3587 256 3652 tum
278 3586 363 3652 facta
383 3588 441 3666 sit,
462 3589 700 3672 acquisitoribus
723 3587 895 3654 condonata
917 3589 1069 3654 censenda
1092 3608 1175 3668 esse,
1199 3590 1232 3653 et
1253 3589 1284 3652 in
1309 3588 1431 3671 plenam

187 3708 291 3755 eorum
315 3692 534 3776 proprietatem
558 3693 717 3770 transisse,
742 3696 955 3778 emptoresque
979 3693 1146 3758 hortandos
1162 3696 1283 3758 tantum
1301 3711 1377 3771 esse,
1397 3695 1432 3756 ut

187 3813 288 3875 onera,
312 3795 338 3860 si
359 3814 437 3879 quac
460 3795 533 3876 sint,
555 3796 666 3862 iisdem
683 3797 770 3863 bonis
786 3797 887 3876 infixa,
907 3817 961 3882 pro
977 3817 1081 3864 eorum
1097 3797 1213 3882 pietate
1231 3817 1266 3862 ao
1282 3796 1432 3882 religione

189 3895 391 3982 adimpleant.

291 4001 385 4068 Hisce
408 4005 484 4068 meis
505 4023 575 4069 curn
594 4005 791 4070 satislactum
808 4005 1008 4071 sit'omnibus
1025 4005 1200 4070 litterarum
1219 4007 1343 4070 tuarum
1360 4026 1430 4089 par·

187 4107 281 4187 tibus,
303 4109 400 4173 restat
423 4110 458 4173 ut
478 4109 627 4194 peculiari
647 4128 717 4173 curn
739 4109 955 4175 aestimatione
971 4112 1003 4175 et
1018 4111 1213 4176 observantia
1228 4109 1429 4175 subscribam.

644 4212 765 4279 Illmae
790 4213 875 4281 limis
897 4213 982 4278 Tuae

292 4315 417 4396 Romae,
440 4315 490 4381 10.
514 4315 603 4383 Junii
629 4317 722 4384 1818.

853 4403 1095 4470 ‘addictissimus
1117 4423 1224 4470 seruus

185 4469 549 4611 D.nuAVffi⁸r;0n(g:ffii¹²lffl
988 4509 1028 4578 Η.
1051 4507 1142 4576 card.
1168 4507 1325 4578 mmmm
1384 4619 1397 4628 Η
1423 4601 1426 4623 3
