3264 4914
245 240 310 305 280
350 255 379 310 S.
398 255 428 311 0.
445 253 534 311 Cone.
552 255 596 313 1⁴.
616 255 692 325 Aup.
711 251 786 311 1863
805 257 843 310 de
859 255 922 310 iar.
944 257 1071 324 parocia
1090 259 1161 314 etro.
1180 259 1361 313 communit.
1379 257 1434 312 rel.

349 429 391 494 Ut
414 430 517 494 autern
540 428 657 511 aliquid
683 428 818 506 clarum,
843 429 1041 509 distinctum,
1065 427 1232 494 definiatur
1255 449 1273 492 a
1295 428 1326 493 S.
1350 427 1488 513 Congre-

246 534 380 618 gatione,
404 532 587 615 Episcopus,
618 532 671 615 qui
699 535 834 597 mentem
864 551 952 598 suam
976 533 1128 616 aperitin
1152 533 1282 616 epistola
1304 532 1486 616 particulari

246 638 323 702 utile
359 636 479 702 censuit
518 654 681 720 proponere
718 636 870 720 quaedam
910 635 1026 716 dubia,
1060 654 1138 720 quae
1178 637 1260 701 clare
1296 635 1488 719 patefaciant

244 741 400 824 opiniones
422 742 453 804 et
476 759 600 823 scopum
623 740 749 823 parochi
771 741 803 804 et
825 739 958 824 ingenue
982 740 1156 824 explanant,
1180 759 1258 822 qnae
1282 740 1321 805 ab
1337 740 1487 823 Episcopo

245 844 392 926 permissa
415 846 487 908 sunt
509 845 542 908 et
563 862 582 906 a
602 842 776 926 Capellauis
800 843 969 927 adimpleta
997 843 1028 907 in
1058 843 1185 926 capellis
1215 843 1484 908 communitatum.

244 948 356 1014 Omnia
380 966 458 1030 quae
480 947 511 1010 in
536 947 582 1010 his
606 947 707 1011 dubiis
730 947 905 1012 referuntur
933 949 1059 1030 probare
1090 949 1217 1030 paratus
1242 948 1290 1011 est
1318 946 1486 1028 Episcopus

244 1051 457 1115 instrumentis
490 1049 697 1128 authenticis,
730 1069 809 1133 quae
843 1068 935 1134 penes
968 1051 1058 1116 illum
1093 1052 1174 1116 sunt.
1230 1049 1331 1114 Pudet
1360 1049 1483 1132 quidem

244 1154 445 1237 Episcopum,
476 1153 559 1217 inter
588 1153 650 1219 alia
673 1172 742 1218 vere
764 1153 845 1218 aeria
864 1155 896 1218 et
918 1154 1043 1238 gravia,
1076 1172 1224 1236 exponere
1245 1152 1397 1236 quaedam
1419 1156 1484 1217 mm

243 1259 375 1334 absona,
398 1256 547 1339 quaedam
571 1256 665 1322 toties
686 1256 749 1340 jam
774 1256 925 1334 resoluta;
956 1257 1010 1321 sed
1042 1255 1099 1321 hcc
1130 1257 1177 1321 illi
1207 1256 1407 1321 tribuendum
1426 1259 1482 1336 est,

244 1361 295 1445 qni
319 1360 420 1426 omnia
445 1361 507 1424 ista
529 1360 611 1425 sicut
630 1359 826 1424 inconcussas
851 1359 995 1425 veritates
1019 1359 1165 1443 Episcopo
1198 1360 1406 1426 indesinenter
1430 1361 1484 1424 oh·

242 1465 320 1547 jicit.
359 1463 416 1528 His
440 1461 636 1545 praelibatis,
660 1462 698 1527 ab
728 1462 876 1546 Episcopo
903 1461 1063 1527 humiliter
1089 1465 1301 1546 proponuntur
1323 1464 1483 1547 sequentia

243 1567 347 1633 dubia.

348 1671 372 1734 1.
396 1670 445 1734 An
462 1669 619 1753 presbyter
636 1669 774 1734 titularis
790 1668 951 1753 cujusdam
966 1668 1115 1747 beneficii,
1133 1689 1192 1735 nen
1206 1671 1339 1752 amplius
1353 1671 1484 1754 pendeat

244 1776 281 1839 ah
306 1775 463 1856 Episcopo,
488 1775 593 1855 utpote
614 1773 760 1850 titularis,
784 1791 820 1837 ex
842 1791 877 1836 eo
899 1773 979 1856 quod
996 1773 1140 1856 professio
1159 1773 1228 1838 tidei
1247 1773 1293 1838 Pii
1312 1775 1366 1852 lll,
1390 1793 1481 1857 quam

243 1879 321 1962 legit
349 1877 398 1943 dic
431 1876 654 1954 institutionis,
690 1876 918 1959 promissionem
953 1877 1146 1943 obedientiae
1181 1877 1307 1944 Summo
1340 1878 1483 1944 Pontifici

243 1986 368 2046 tantum
390 1980 539 2058 includat,
565 1980 651 2045 rrulla
675 1981 756 2045 iacta
780 1981 935 2046 mentione
957 1981 1150 2046 obedientiae
1170 1981 1326 2065 Episcopo.

348 2085 388 2150 lI.
421 2085 521 2150 Nemo
551 2087 645 2167 negat
673 2085 753 2168 quod
782 2084 959 2168 jurisdictio
992 2084 1117 2167 parochi
1148 2085 1190 2150 sit
1221 2085 1385 2153 ordinaria.
1441 2088 1483 2150 nt

243 2189 364 2273 quando
401 2189 512 2255 Brevia
546 2187 576 2254 S.
613 2189 872 2254 Poeuitcntiariae
906 2189 1088 2271 simplicitet
1121 2189 1244 2267 lerant,
1276 2191 1312 2253 ut
1346 2193 1483 2254 recurrat

243 2293 354 2358 Orator
377 2292 415 2356 ad
435 2291 590 2374 proprium
613 2290 827 2368 Ordinarinm,
858 2312 898 2356 an
926 2292 1129 2376 iuteIligeuda
1156 2293 1219 2358 sint
1251 2294 1325 2358 haec
1356 2291 1394 2356 de
1428 2312 1482 2375 pa·

243 2397 334 2462 roche
358 2395 524 2478 recipiente
547 2395 805 2478 responsum,ch
830 2396 977 2479 Episcopo
1000 2395 1155 2462 dioecesis.

345 2499 403 2563 ΠΙ.
429 2501 475 2562 Αη
500 2500 669 2581 potestates
692 2499 731 2562 ab
755 2499 903 2582 Episcopo
926 2517 1087 2564 concessae
1110 2499 1243 2564 Vicariis
1257 2501 1290 2564 et
1306 2498 1480 2582 Oapellanis

243 2603 342 2686 quoad
358 2602 627 2668 sacramentorum
644 2602 943 2667 adrniuistrationem
958 2603 1022 2670 sint
1039 2604 1151 2682 nullae,
1168 2604 1223 2668 aut
1234 2604 1346 2668 saltem
1358 2603 1480 2680 dubiae,

243 2706 301 2770 nisi
325 2707 451 2771 veniant
473 2725 492 2770 a
514 2706 654 2789 parocho,
679 2707 735 2770 aut
758 2725 809 2772 eas
830 2708 914 2772 ratas
936 2707 1059 2773 babeat.

345 2810 399 2877 IV.
422 2811 468 2875 tn
492 2809 588 2892 possIt
612 2809 778 2893 Episcopus
798 2829 907 2894 cogere
929 2811 1096 2894 parcebam
1118 2811 1157 2875 ad
1181 2809 1399 2877 assumendum
1421 2809 1480 2874 sibi

242 2933 337 2979 uuum
357 2917 412 2979 ant
435 2915 538 2997 plures
560 2913 698 2992 vicarios,
720 2918 810 2997 prout
832 2914 863 2978 id
887 2915 1091 2980 necessarium
1112 2914 1308 2998 judicaverit.

349 3017 381 3084 V.
407 3017 456 3082 An
480 3017 647 3083 nominatio
668 3017 863 3097 vicariorum,
884 3037 903 3084 a
926 3018 1043 3084 icrtiori
1064 3018 1305 3102 capellanorum,
1327 3021 1417 3101 prout
1434 3037 1480 3082 res

243 3141 323 3186 nuuc
345 3139 377 3186 se
399 3121 516 3186 hahent
537 3121 569 3185 in
591 3119 712 3201 Gallia,
742 3124 775 3188 et
804 3141 909 3188 eorum
934 3122 1087 3206 stipendia
1110 3123 1351 3206 componuntur,
1378 3122 1479 3186 exclu-

242 3226 304 3292 sive
328 3226 482 3308 pertineat
505 3224 544 3290 ad
568 3225 746 3308 parocbum.

345 3328 399 3393 VI.
423 3331 471 3393 An
488 3329 656 3394 invalidum
674 3330 715 3395 sit
732 3331 962 3395 matrimonium
980 3332 1171 3395 contractum
1188 3348 1290 3395 coram
1304 3329 1481 3414 presbytero

242 3434 280 3497 ab
306 3433 451 3516 Episcopo
474 3433 648 3516 specialiter
671 3434 827 3517 deputato,
853 3435 890 3498 oh
912 3439 1132 3518 congruentem
1150 3452 1285 3511 causam,
1307 3434 1390 3499 verbi
1409 3451 1481 3517 gra-

241 3536 303 3614 tia,
334 3537 407 3620 qaia
429 3536 482 3603 ille
505 3537 664 3622 presbyter
685 3541 733 3602 cst
757 3539 875 3602 amicus
898 3541 954 3602 aut
976 3540 1162 3622 propinquus
1186 3538 1367 3603 alterutrius
1390 3555 1481 3620 spon·

242 3659 352 3716 sorum,
376 3658 494 3705 morose
517 3643 663 3706 renuente
687 3641 827 3723 parocho.

347 3738 415 3809 vri
443 3746 492 3808 An
520 3743 612 3808 liceat
641 3744 792 3829 Episcopo
814 3745 951 3810 conterre
973 3745 1207 3813 Sacramentum
1231 3744 1480 3812 confirmationis

242 3846 271 3909 in
293 3844 412 3928 capella
434 3847 566 3930 publica,
588 3847 673 3913 nulla
693 3848 811 3913 ratione
833 3848 942 3915 habita
965 3849 1098 3932 petentis
1120 3869 1180 3933 que
1197 3849 1267 3933 jure
1288 3849 1320 3914 id
1340 3848 1445 3914 iaciat.

347 3949 433 4014 VIII.
457 3952 506 4014 An
528 3950 660 4033 parocho
684 3950 776 4017 liccat
799 3953 969 4034 iuquietare
991 3953 1175 4036 capellanos,
1198 3953 1262 4019 imo
1281 3955 1313 4018 et
1336 3952 1480 4018 mulieres

242 4053 273 4116 in
296 4053 519 4118 communitate
541 4053 685 4138 religiosa
708 4055 866 4135 virentes,
899 4075 934 4121 ex
962 4076 997 4122 eo
1018 4057 1099 4141 quod
1123 4057 1170 4122 illi
1193 4057 1344 4141 impleant
1366 4059 1399 4121 et
1421 4057 1479 4120 bae

241 4155 392 4238 recipiant
413 4157 618 4224 ministerium
641 4161 680 4225 ab
706 4161 852 4244 Episcopo
875 4161 1095 4228 demandatum
1117 4163 1183 4229 sine
1207 4161 1425 4246 approbatione
1448 4163 1480 4224 at

242 4262 349 4324 contra
372 4260 563 4328 voluntatem
587 4264 722 4347 parochi.

345 4365 401 4431 IX.
432 4367 479 4431 An
509 4367 662 4432 audienda
692 4368 733 4433 sit
764 4368 803 4434 ab
830 4368 978 4453 Episcopo
1000 4371 1179 4453 conquestio
1200 4369 1323 4454 parochi
1349 4369 1386 4434 de
1408 4386 1478 4451 prc-

241 4470 417 4536 miscuitate
439 4470 470 4534 iu
493 4472 640 4554 petitione
663 4475 695 4537 et
718 4472 985 4540 administratione
1008 4479 1281 4553 sacramentorum,
1308 4475 1381 4557 quia
1403 4491 1478 4538 con-

238 4575 383 4642 sessiones
414 4573 581 4638 audiuntur
608 4577 640 4638 et
670 4593 758 4640 sacra
791 4575 971 4642 Communia
1001 4577 1093 4642 datur
1124 4579 1155 4642 iu
1186 4578 1314 4662 capellis
1336 4577 1479 4659 puhlicis,
