3268 4894
211 217 271 284 184
382 234 476 289 lustr.
494 249 517 286 s.
538 230 648 300 Conpr.
670 232 787 302 laicate.
807 231 853 286 29.
872 231 943 288 Dec.
962 233 1035 287 1891
1054 235 1140 288 eirca
1157 232 1273 302 opium.

211 411 303 474 stare.
348 405 455 490 Neque
478 403 574 468 ullam
599 401 817 468 difficultatem
847 403 997 470 facessere
1020 404 1134 489 poterit
1155 404 1234 489 quod
1258 403 1290 468 in
1313 405 1391 468 actis
1414 403 1444 471 S.

209 511 295 577 Sedis
316 507 483 594 aliquando
505 507 567 592 opii
590 526 682 584 usus,
717 507 883 592 aliqnando
913 508 1026 574 abusus
1050 509 1240 585 nominatum
1272 527 1342 574 uam
1371 527 1445 572 usus

208 615 262 700 qui
282 613 483 697 improbatur,
507 631 563 677 ceu
587 630 675 677 uerus
698 611 811 677 abusus
836 613 994 678 trahendus
1017 615 1074 680 est.

311 719 342 783 3.
366 718 467 800 Quum
488 717 592 801 itaque
619 715 649 784 S.
674 716 881 800 congregatio
901 718 1071 783 christiano
1102 717 1218 782 nomini
1247 716 1446 800 propagando

208 823 269 889 iam
292 823 427 888 montem
449 839 535 885 suain
557 819 640 884 circa
662 821 809 900 ebusum,
840 821 878 886 dc
911 841 971 904 quo
995 823 1117 904 agitur,
1146 821 1335 905 aperuisset,
1367 839 1446 886 anno

211 927 293 994 1830
319 925 376 990 »ad
400 923 583 989 removenda
605 923 699 989 dubia
721 927 753 988 et
775 923 871 988 animi
893 925 1111 1008 perplexitates
1133 944 1212 1016 qnae
1232 925 1303 990 omri
1320 928 1447 1008 possunt

208 1031 239 1095 iu
262 1029 384 1095 casibus
407 1026 673 1112 particularibus«
697 1026 931 1092 instructionem
953 1029 1137 1094 exarandam
1161 1029 1291 1105 censuit,
1313 1048 1392 1114 quae
1416 1030 1444 1094 in

208 1154 241 1199 re
263 1133 343 1199 tanti
369 1131 516 1198 momenti
540 1130 712 1196 babendum
733 1149 800 1196 esse
821 1130 918 1196 noluit
933 1153 1082 1215 mapsam
1096 1133 1249 1198 amionem
1263 1139 1328 1200 tum
1343 1133 1448 1200 audo

210 1238 287 1321 lepis
309 1237 374 1320 opii
395 1237 617 1302 commercium·
635 1236 786 1317 emmo,
808 1241 872 1302 uem
886 1236 1153 1328 ‚pomeranorum
1174 1237 1346 1316 malorena,
1370 1257 1449 1319 puae

210 1363 249 1408 ec
270 1341 336 1424 opii
358 1341 460 1406 abaco
480 1341 517 1406 ia
539 1339 605 1405 illis
627 1339 805 1422 ropionibus
829 1339 996 1406 dimanare
1018 1347 1247 1407 consummant.

313 1445 411 1526 Qunam
436 1445 670 1508 instructionem
693 1463 772 1508 anuo
796 1445 879 1509 1848
900 1444 1032 1510 Viosriis
1050 1444 1235 1528 Apostolicis
1250 1443 1447 1509 Yunnanensi

209 1569 245 1615 ac
263 1549 430 1614 Malacensi
446 1530 717 1613 transmittendam
734 1547 880 1626 decreuit,
895 1548 1021 1625 addens,
1037 1549 1160 1614 ulmodo
1171 1549 1286 1614 duram
1294 1549 1446 1632 pecuali,

209 1672 330 1718 ornnem
351 1671 455 1717 curam
480 1651 688 1717 adhibendam
710 1671 775 1716 esee
794 1653 839 1718 ud
860 1654 927 1735 opii
940 1673 1032 1718 usum
1046 1653 1295 1735 ecutrpceduu
1320 1651 1378 1718 Ubi
1396 1671 1446 1718 ac·

208 1756 351 1822 cabulum
371 1777 457 1834 usus,
483 1759 516 1820 ut
538 1755 668 1838 quisque
690 1755 780 1820 lacile
804 1755 963 1838 intelligit,
987 1757 1105 1840 proprie
1125 1758 1255 1822 abusum
1271 1755 1447 1840 significare

210 1860 374 1925 dicendum
397 1861 453 1925 est.
499 1859 569 1924 Non
596 1859 677 1924 enim
700 1859 739 1924 de
761 1877 797 1924 eo
819 1877 874 1923 usu
901 1859 1068 1944 agebatur,
1101 1859 1140 1923 sd
1170 1879 1260 1942 quem
1294 1861 1401 1942 aptum
1430 1879 1448 1924 a

211 1965 323 2029 natura
349 1972 560 2046 comparatum
585 1965 640 2038 est,
666 1962 717 2028 sed
739 1962 777 2028 de
792 1982 836 2042 eo,
859 1963 911 2048 qui
930 1963 1010 2028 inter
1025 1963 1167 2029 Sineuses
1183 1963 1313 2040 obtinet,
1336 1965 1448 2048 quique

210 2067 241 2132 in
265 2086 300 2134 eo
323 2069 370 2132 est
393 2066 481 2143 situs,
505 2069 541 2132 ut
562 2067 664 2151 opium
689 2067 834 2133 dentibus
856 2067 1015 2144 mandant,
1041 2067 1087 2133 vel
1104 2067 1258 2132 alooolicis
1275 2067 1449 2152 potionibus

211 2172 387 2238 immixtum
410 2171 537 2236 ebibant
560 2170 607 2235 rel
632 2172 716 2237 lumo
739 2171 894 2237 hauriant.

312 2277 342 2340 4.
378 2275 497 2341 Idcirco
530 2274 682 2358 Suprema
717 2275 793 2341 baec
825 2275 1032 2361 Congregatio
1065 2275 1253 2340 aun01852
1281 2273 1449 2340 declaravit

209 2380 331 2464 quidem
353 2377 525 2463 generatim
548 2378 693 2444 illicitum
717 2380 933 2445 commercium
955 2381 987 2444 et
1010 2399 1098 2444 usum
1119 2379 1190 2462 opii,
1215 2379 1267 2442 sed
1290 2381 1381 2461 prout
1396 2397 1446 2442 ex·

210 2483 389 2568 ponebatur,
413 2482 564 2567 iussitque
579 2482 718 2548 Vicae-ios
732 2483 935 2566 spostolicae,
956 2485 991 2549 ut
1006 2503 1127 2550 omnem
1143 2501 1248 2548 curam
1266 2481 1449 2548 adhiberent

209 2587 248 2652 ad
271 2605 360 2652 usum
384 2588 416 2652 et
436 2587 652 2653 commercium
677 2587 755 2652 illud
785 2587 932 2652 radicitus
955 2588 1157 2654 evellendum.
1198 2587 1306 2668 Neque
1328 2587 1368 2650 ab
1392 2586 1449 2651 boc

210 2691 333 2755 decreto
355 2690 495 2756 recedere
517 2690 637 2756 censuit
659 2709 739 2756 anno
762 2692 855 2764 1858,
877 2709 1065 2774 quamquem
1082 2711 1100 2756 a
1117 2689 1247 2757 Vieariis
1264 2689 1450 2772 Apostolicis

210 2794 373 2859 Xensieusi
396 2797 429 2858 et
453 2793 652 2860 Huunaueusi
678 2795 811 2861 relatum
834 2796 959 2873 luisset,
984 2796 1106 2861 civilem
1130 2795 1246 2879 legam,
1269 2794 1374 2877 opium
1398 2813 1449 2858 re·

211 2900 341 2975 tantem,
365 2915 423 2962 non
449 2896 582 2980 amplius
604 2897 745 2965 existere.

314 3003 344 3067 5.
368 3001 476 3084 Neque
500 3001 539 3066 ab
563 3001 622 3067 hac
643 3001 850 3084 prohibitione
874 3002 1034 3068 recessisse
1050 3001 1188 3086 putanda
1203 3005 1260 3079 est,
1284 3001 1358 3067 licet
1375 3021 1450 3066 uou-

210 3104 303 3170 nullis
325 3124 413 3172 secus
436 3105 534 3170 nisum
559 3104 661 3183 tuerit,
686 3124 767 3170 auno
792 3107 883 3171 1878.
921 3107 1001 3172 Num
1027 3107 1063 3170 oh
1088 3105 1259 3190 peculiares
1278 3105 1450 3170 stemnius

210 3209 467 3274 extraordinarias
491 3209 757 3287 circumstantius,
780 3229 858 3292 quae
880 3211 1118 3294 exponebantur,
1143 3213 1237 3294 atque
1258 3211 1297 3276 ob
1323 3229 1449 3292 suspen·

210 3314 326 3379 monem
349 3313 388 3378 ad
407 3312 590 3378 decennium
613 3313 712 3379 civilis
732 3315 832 3399 legis,
858 3314 919 3397 opii
943 3314 1097 3379 culturam
1122 3313 1334 3379 interdicentis
1357 3316 1387 3378 in
1411 3315 1450 3380 iis

209 3417 285 3482 locis
307 3435 386 3501 quas
409 3416 490 3482 hello
514 3419 636 3482 vastata
665 3416 804 3495 fueraut,
838 3437 1029 3502 quorumque
1061 3417 1177 3484 incolae
1210 3418 1248 3482 ad
1281 3421 1451 3484 extremam

209 3522 379 3604 egestatem
402 3521 526 3586 iuuerunt
547 3520 683 3598 adducti,
708 3520 858 3606 Suprema
879 3522 1086 3605 Corrgregatio
1102 3521 1132 3586 id
1150 3521 1313 3586 dumtaxat
1327 3522 1449 3595 statuit,

210 3628 246 3690 ut
266 3626 461 3690 sacramenta
486 3643 542 3690 uon
564 3625 791 3710 denegarentur
813 3625 853 3690 iis
875 3624 1151 3703 Christitidalibus,
1173 3625 1225 3708 qui
1248 3625 1279 3689 iu
1297 3624 1451 3708 provincia

210 3727 440 3813 Kory-Teucer
463 3727 516 3795 illo
538 3729 644 3794 decem
668 3748 816 3795 arruorum
838 3729 939 3813 spatio
963 3748 982 3793 a
1004 3729 1087 3793 ciuili
1108 3729 1177 3814 legs
1200 3729 1347 3812 permisso
1363 3729 1451 3793 unice

211 3833 249 3896 ad
273 3833 486 3915 paupertatem
513 3830 675 3898 levandam
704 3833 806 3916 opium
836 3832 1048 3898 excoluissent.
1095 3833 1135 3898 ut
1156 3851 1251 3916 quum
1276 3831 1450 3914 quaesitum

212 3937 338 4013 luisset,
367 3957 409 4001 ou
440 3937 494 4019 pul
522 3957 561 4002 es
591 3938 764 4004 inoderutc
793 3937 976 4003 latitudine
998 3938 1070 4017 opto
1092 3935 1263 4003 valedicere
1286 3937 1451 4020 nequeunt,

210 4039 276 4105 atsi
296 4059 367 4104 cam
388 4041 499 4106 monis
522 4040 664 4122 periculo
686 4042 733 4108 cel
752 4041 847 4124 pruoe'
867 4040 1068 4116 detrimento,
1099 4040 1226 4106 adraldi
1251 4041 1376 4121 possint
1397 4038 1449 4122 (ad

211 4141 437 4228 sacramenta),
468 4149 496 4208 et
518 4165 563 4210 aa
585 4146 692 4224 opium
714 4145 796 4210 suari
812 4145 915 4227 possit
932 4165 993 4226 per
1015 4143 1139 4210 oudam
1161 4143 1353 4220 tumuisse,
1376 4145 1452 4225 paria

209 4246 406 4313 tabitudima
418 4247 594 4328 periculam
606 4249 756 4324 imminet,
772 4266 950 4331 responsum
965 4247 1040 4313 luit:
1060 4248 1271 4330 Affimutioe,
1286 4247 1453 4329 diligentia

210 4356 239 4416 et
260 4351 390 4418 cautelis
408 4357 511 4416 taurea
528 4352 652 4433 positia,
674 4357 708 4418 at
729 4353 796 4433 opii
816 4354 934 4419 abusus
955 4351 1091 4434 malique
1112 4351 1255 4431 effeetus,
1279 4373 1318 4417 ex
1340 4351 1451 4416 suue-

209 4455 296 4522 modi
317 4455 417 4522 wasa
441 4461 686 4536 promamrrtes,
718 4458 878 4523 eadmer.
925 4454 1110 4522 Huiusmodi
1134 4455 1347 4538 responsione,
1373 4474 1452 4540 quae

211 4559 418 4643 exceptionem
441 4557 583 4642 respicit,
614 4559 824 4646 unusquisque
854 4559 938 4626 ridet
969 4558 1097 4625 minime
1124 4558 1273 4624 infirmari
1295 4559 1453 4645 generalia
