3200 4916
261 263 324 328 388
414 281 441 335 S.
464 280 573 350 Ooapr.
593 283 630 335 de
648 280 739 349 Prop.
759 278 834 334 Fide
852 281 889 334 de
907 285 1023 350 quaest.
1039 281 1130 334 achel.
1151 282 1251 336 Amer.
1268 288 1342 351 sept.

261 453 478 520 Cardinalibus
508 473 526 516 a
556 452 586 516 S.
619 452 863 535 Congregatione
894 451 1113 534 Propagandae
1149 453 1231 516 videi
1265 453 1503 518 examinandam

261 560 425 624 commisit.
452 557 550 622 Iidem
575 557 818 621 Eminentissimi
841 558 949 621 Patres
966 557 995 619 in
1012 560 1100 620 coetu
1119 558 1179 621 diei
1203 559 1242 622 21
1265 558 1357 640 hujus
1374 561 1505 636 mensis,

262 664 417 748 perpensis
447 663 594 746 gravibus
624 662 725 727 causis
754 681 830 745 quas
861 661 1041 744 Amplitudo
1065 662 1134 726 Tua
1158 663 1327 726 luculenter
1348 665 1506 746 exposuit,

261 787 397 851 quaeque
422 767 568 830 handen
592 767 630 830 ad
652 765 817 832 ineundam
841 766 1028 832 antedictam
1054 766 1302 848 compositionem
1321 773 1506 844 ruoveruut3

260 871 461 936 consideratis
488 890 606 954 quoque
629 872 711 934 omni
736 871 826 935 laude
850 869 953 952 dignis
977 870 1236 934 declarationibus
1252 870 1364 952 quibus
1380 872 1507 953 Ampli-

261 976 336 1040 tudo
359 975 427 1038 Tua
449 977 533 1039 sarta
556 979 699 1057 tectaque
720 993 839 1056 semper
859 974 956 1037 voluit
973 975 1002 1037 iu
1019 974 1199 1056 quaestione
1215 974 1401 1039 scholastica
1416 975 1507 1057 priu-

260 1079 341 1162 cipia
363 1098 381 1142 a
403 1077 517 1144 Sancta
540 1078 616 1142 Sede
637 1078 788 1160 explicata
804 1081 835 1142 et
852 1079 881 1140 in
899 1078 1031 1142 concilis
1047 1078 1193 1159 plenariis
1212 1079 1506 1156 Baltimorensibus,

261 1186 440 1266 praesertim
464 1184 495 1246 in
519 1183 621 1259 tertio,
645 1182 857 1247 observantiae
883 1181 1098 1264 lipisooporum
1124 1183 1356 1258 commendata
1378 1187 1507 1248 senten-

261 1287 355 1363 tiam,
393 1286 491 1370 prouti
526 1288 555 1349 in
592 1286 706 1351 adnexo
740 1286 810 1351 lolio
845 1287 1073 1368 reproduoitur,
1109 1305 1199 1370 super
1230 1290 1385 1371 proposito
1408 1287 1508 1353 dubio

261 1393 437 1468 emiserunt,
461 1390 609 1473 illamque
631 1389 776 1454 Summus
801 1390 940 1454 Pontifex
964 1393 1066 1454 ratam
1091 1391 1198 1455 habuit
1223 1393 1254 1454 et
1275 1391 1471 1472 adprobavit.

365 1493 490 1558 eonnuo
513 1495 760 1576 amplitudinem
785 1493 882 1558 Tuam
909 1495 964 1558 hoc
985 1493 1115 1558 Sanctae
1140 1494 1227 1559 Sedis
1243 1495 1396 1577 judicium
1412 1499 1507 1578 grato

263 1601 364 1662 animo
386 1600 599 1679 excepturam;
634 1597 660 1660 si
691 1598 771 1660 enim
810 1599 996 1679 provisiones
1029 1599 1288 1662 extraordinariae
1318 1620 1336 1661 a
1369 1601 1508 1682 singulis
1584 1595 1585 1600 ’

261 1701 410 1784 episcopis
433 1701 464 1764 in
487 1701 615 1783 propriis
636 1701 834 1778 dioecesibus,
858 1702 1097 1766 circumstantiis
1114 1703 1143 1765 id
1162 1703 1364 1784 exigentibus,
1390 1704 1508 1780 laetae,

260 1806 382 1888 quando
406 1825 423 1870 a
445 1807 579 1889 generali
604 1807 671 1890 lege
695 1805 798 1890 aliqua
821 1826 856 1872 ex
880 1809 965 1888 parte
990 1807 1175 1882 deflectunt,
1199 1809 1320 1889 probari
1345 1807 1466 1873 directe
1490 1829 1508 1874 a

262 1911 374 1974 Sancta
396 1909 473 1975 Sede
496 1913 661 1994 nequeant,
685 1914 800 1982 tamen,
822 1931 917 1994 quum
936 1911 1049 1974 Eadem
1066 1912 1191 1975 tolerari
1208 1912 1280 1976 illas
1296 1931 1382 1994 posse
1398 1913 1505 1979 decla·
1584 1903 1585 1906 ¹

262 2018 320 2092 rat,
343 2013 517 2078 indiscretis
541 2013 825 2097 impugnationibus
849 2013 941 2079 linem
963 2015 1102 2097 imponit.

363 2119 537 2196 Caeterum
541 2117 629 2200 jussu
646 2117 828 2183 Sanctitatis
844 2116 933 2196 Suae,
954 2121 986 2182 et
1000 2118 1107 2182 libenti
1125 2120 1237 2195 animo,
1256 2119 1507 2201 amplitudinem
1584 2143 1585 2194 f

261 2221 359 2285 Tuam
380 2223 541 2286 certiorem
565 2221 691 2285 reddere
715 2240 772 2286 non
796 2222 916 2293 omitto,
941 2241 1046 2287 sensus
1063 2224 1210 2305 obsequii,
1237 2223 1340 2287 lilialis
1357 2224 1507 2288 obedien·
1584 2207 1585 2216 ἶ

260 2326 332 2403 tiae,
356 2326 552 2390 inconcussae
575 2325 769 2390 adhaesionis
792 2325 922 2390 Sanctae
946 2325 1019 2391 Sodi
1040 2327 1166 2410 ejusque
1189 2327 1345 2404 doctrinis,
1369 2347 1506 2411 quorum

259 2430 371 2494 eximia
393 2429 533 2494 exhibuit
556 2429 758 2506 documenta,
790 2433 823 2495 et
845 2429 970 2498 Summo
996 2431 1137 2496 Pontilioi
1161 2437 1193 2495 et
1216 2432 1291 2496 mihi
1316 2451 1509 2516 magnopere

259 2534 396 2599 extitisse
417 2538 559 2616 accepta,
588 2534 771 2616 plenamque
800 2533 932 2598 Sanctae
956 2533 1044 2600 Sedis
1068 2536 1099 2598 in
1122 2535 1275 2616 sapientia
1298 2538 1330 2599 et
1353 2535 1509 2620 religione

259 2637 485 2722 Amplitudiuis
508 2638 592 2702 Tuae
616 2637 811 2703 confirmasse
835 2637 990 2702 fiduciam.

364 2741 460 2806 Deum
481 2742 606 2806 tandem
630 2742 792 2825 adprecor,
826 2747 859 2804 ut
883 2743 944 2820 Te,
975 2743 1065 2808 Illme
1095 2746 1126 2808 et
1152 2744 1227 2806 Rme
1256 2745 1337 2820 Due,
1369 2745 1508 2826 sospitet

260 2863 459 2928 semperque
482 2850 617 2914 tueatur.

362 2950 586 3034 Amplitudiuis
609 2952 694 3016 Tuae

412 3103 414 3108 -
467 3054 707 3120 addictissimus
729 3054 850 3136 Servus,

855 3161 897 3225 Μ.
921 3159 1010 3224 Card.
1034 3161 1265 3238 Ledoctowslri,
1289 3160 1487 3226 Praefectus.

670 3263 868 3348 Hyantius,
893 3264 1036 3345 archiep.
1060 3265 1256 3330 Tamiollren.
1281 3263 1395 3329 Secrot.

418 3366 452 3430 ii.
478 3365 514 3432 D.
540 3367 574 3432 P.
597 3367 710 3432 loanni
732 3368 875 3432 Irelond.

467 3471 614 3553 Arobiep.
638 3471 670 3538 S.
695 3471 794 3538 Pauli
814 3474 853 3536 de
874 3473 1065 3538 Minnesoto.

272 3643 296 3698 8.
324 3643 431 3699 Litarae
448 3662 469 3698 s.
488 3641 586 3714 Congu
605 3643 638 3699 de
655 3643 834 3714 Propagauda
853 3643 919 3699 Fide
937 3644 971 3698 ad
991 3644 1127 3714 episcopos
1146 3645 1274 3700 Statuurn
1293 3643 1496 3698 foederatorum

733 3729 873 3786 Amanicas
890 3734 1020 3800 septentr.

519 3860 609 3925 Illme
629 3864 661 3925 et
685 3862 760 3926 Rme
786 3861 924 3926 Domine.

362 3989 544 4074 Amplitudo
569 3991 638 4056 Tua
659 3991 751 4074 probe
775 3992 873 4056 noscit
895 3991 1017 4056 ardenti
1040 3992 1143 4057 studio
1166 4011 1262 4075 nuper
1283 3991 1316 4056 iu
1343 3992 1405 4055 ista
1427 3991 1502 4057 Sta-

260 4095 349 4159 tuum
379 4095 616 4160 Foederatorum
648 4096 816 4179 Republica
845 4097 1054 4179 quaestionem
1077 4096 1115 4160 de
1136 4096 1307 4160 catholicae
1326 4095 1506 4178 juventutis

260 4199 456 4264 institutione
488 4199 642 4284 agitatam
677 4199 779 4264 luisse.
841 4200 1027 4282 Huiusmodi
1060 4199 1275 4284 disceptationi
1310 4201 1504 4266 occasionem

261 4302 404 4388 praebuit
433 4303 585 4387 quaedam
613 4305 773 4370 conventio
803 4305 842 4370 ab
875 4305 1111 4387 archiepiscopo
1134 4304 1164 4372 S.
1187 4304 1276 4369 Pauli
1300 4305 1381 4369 inita
1399 4307 1503 4389 quoad

260 4409 337 4472 duas
361 4405 488 4473 Scholas
508 4407 698 4490 parochiales
721 4408 752 4472 iu
776 4410 865 4492 pagis
889 4409 1058 4475 Forihoalt
1080 4413 1112 4473 et
1133 4409 1304 4475 Slrllwoler
1326 4409 1504 4474 existentes.

364 4509 561 4593 Compertum
591 4528 664 4574 sane
692 4513 740 4575 est
768 4512 914 4578 Sanctam
944 4511 1051 4578 Sedern
1081 4514 1163 4578 omni
1195 4515 1332 4596 ternpore
1366 4517 1502 4578 maxima

261 4611 469 4678 sollicitudine
492 4612 670 4696 invigilasse
686 4615 721 4676 ut
736 4614 866 4680 salutari
884 4617 1023 4682 doctrina
1035 4617 1183 4700 juventus
1200 4617 1391 4682 imbueretur
1406 4619 1501 4702 atque
