3268 4894
164 277 195 332 Ο.
207 275 352 346 101181.
364 276 445 332 Mare
455 276 529 332 1891
541 277 578 332 111
588 291 649 331 rec.
660 291 724 331 eor.
735 275 812 332 1111.
824 249 1299 346 1111111111.111111111111.
1343 259 1404 325 185

162 449 302 528 decreta,
327 449 438 533 quibus
460 447 521 531 opii
545 447 658 512 abusus
678 445 890 530 improbatur:
914 445 1005 530 idque
1030 446 1188 531 perspicus
1213 447 1403 513 declaratum

162 555 211 618 est
235 551 311 618 teria
334 553 387 619 IV.
413 553 443 620 4.
469 551 657 618 Iulii1883.

265 659 295 722 6.
320 657 363 722 111
385 656 434 721 bis
455 655 596 722 omnibus
618 655 776 738 sequitur:
803 655 836 719 1⁰
860 654 920 737 opii
943 654 1097 720 culturam
1124 675 1181 720 non
1197 675 1263 722 esse
1279 657 1402 740 quidem

163 782 216 846 per
240 781 271 827 se
294 761 447 840 illicitam,
471 761 503 825 iu
525 759 637 825 Sinicis
653 761 756 824 autem
774 759 952 842 regionibus
968 759 1006 824 ob
1023 759 1099 824 abus
1115 759 1227 843 quibus
1242 761 1404 826 obnoxiam

162 885 227 932 esse
249 885 285 930 ex
306 865 453 930 diuturna
475 863 662 946 experientia
681 865 766 928 certo
789 865 921 940 constat,
945 863 1009 927 lieri
1034 863 1195 940 illicitam,
1219 882 1255 928 ac
1277 865 1404 948 proinde

163 969 422 1036 Christifidelibus
446 967 616 1052 generatim
642 984 707 1032 esse
730 965 991 1042 interdicendam
1014 968 1050 1032 2⁰
1073 986 1128 1032 uec
1150 986 1238 1032 secus
1261 969 1298 1033 de
1322 987 1401 1033 com·

162 1073 276 1139 marcio
296 1072 512 1151 iudicandum,
546 1069 626 1154 quod
657 1070 798 1154 quamuis
830 1089 881 1153 per
914 1090 946 1135 se
974 1071 1088 1136 malum
1113 1070 1254 1150 nonsit,
1288 1071 1403 1137 malum

161 1181 266 1242 tamen
290 1177 394 1242 eradit
416 1176 454 1241 ob
478 1193 587 1260 graues
610 1175 725 1240 abusus
745 1193 780 1239 ex
801 1193 836 1238 eo
857 1176 894 1240 ut
915 1175 1082 1259 plurimum
1104 1177 1137 1240 ct
1153 1175 1215 1241 iere
1236 1175 1403 1241 universim

163 1283 324 1346 manantes
345 1285 378 1344 et
400 1280 437 1344 ob
462 1280 546 1362 leges
577 1279 655 1343 illud
687 1281 844 1358 vetantes3
877 1278 1006 1362 ideoque
1029 1279 1250 1362 prohibendum
1276 1299 1335 1345 non
1355 1298 1404 1344 so-

162 1385 225 1450 lum
250 1385 298 1461 iis,
322 1384 374 1468 qui
397 1384 474 1449 illud
499 1383 614 1449 directe
635 1386 794 1460 exercent,
818 1383 986 1448 sedetiam
1010 1384 1065 1460 iis,
1089 1384 1142 1468 qni
1166 1384 1264 1450 eidem
1288 1385 1404 1463 lavent,

160 1490 213 1572 qui
236 1489 355 1554 scilicet
378 1489 536 1574 pecuniam
560 1488 691 1552 scienter
708 1487 768 1570 opii
786 1486 1007 1552 mercatoribus
1026 1487 1230 1565 foenerantur,
1249 1487 1296 1554 rel
1312 1507 1404 1572 agros

162 1593 192 1656 in
216 1593 278 1675 opii
301 1593 454 1658 culturam
479 1592 598 1667 locant;
621 1593 657 1657 3⁰
679 1591 740 1673 opii
765 1610 864 1669 usum,
888 1591 940 1675 qui
963 1591 994 1655 in
1018 1591 1101 1657 Sinis
1123 1592 1262 1658 obtinere
1278 1591 1402 1672 dieitur,

161 1699 322 1780 tamquam
345 1696 560 1762 detestabilem
585 1697 713 1760 abusum
738 1696 778 1760 ab
803 1696 941 1761 Ecclesia
964 1695 1103 1761 habitum
1128 1699 1160 1761 et
1184 1696 1330 1762 illicitum
1351 1697 1404 1760 de·

162 1800 332 1876 claretum
363 1799 1013 1883 111111111111111111111111,
1045 1801 1097 1884 qui
1130 1800 1228 1867 eidem
1259 1819 1325 1866 seso
1354 1819 1402 1864 as·

163 1904 359 1983 suciecerint,
381 1903 494 1988 quique
518 1904 557 1968 ab
581 1904 635 1968 illo
658 1904 812 1968 abstinere
835 1903 958 1969 omnino
979 1923 1037 1970 uon
1063 1904 1181 1987 possint
1203 1904 1269 1969 sine
1297 1904 1404 1969 mortis

162 2007 296 2091 periculo
338 2008 385 2074 rel
430 2007 519 2092 graui
560 2007 764 2082 detrimentor
810 2009 924 2091 pariter
969 2007 1072 2091 opium
1110 2007 1191 2073 sumi
1228 2027 1315 2090 posse
1352 2028 1405 2092 per

164 2111 288 2176 modurn
312 2111 502 2190 medicinae,
532 2129 569 2175 ea
599 2113 703 2176 tamen
734 2111 804 2195 lege
835 2113 870 2176 ut
898 2111 1005 2176 modus
1028 2114 1060 2176 et
1083 2112 1243 2195 quantitas
1263 2114 1403 2176 serretur

161 2233 240 2298 quae
260 2215 476 2280 medicinalem
500 2215 649 2280 rationem
673 2214 801 2279 minime
823 2214 958 2292 excedat,
990 2216 1022 2280 et
1044 2215 1149 2280 debita
1171 2215 1346 2298 diligentia,
1371 2218 1404 2281 et

161 2317 293 2384 cautelis
315 2319 484 2398 adhibitis,
517 2323 552 2384 ut
581 2318 717 2384 eiusdem
748 2319 863 2384 abusus
895 2318 1029 2401 malique
1052 2318 1180 2385 effectus
1203 2319 1311 2384 exinde
1335 2338 1401 2402 pro·

162 2423 293 2488 fluentes
315 2426 545 2506 precaveentur.
881 2501 883 2506 Ι

265 2526 355 2592 Haud
377 2527 500 2592 dubitat
524 2527 599 2592 haec
622 2526 771 2610 Suprema
793 2526 1010 2611 Congregatio,
1032 2528 1105 2611 quin
1128 2527 1166 2592 ad
1184 2526 1289 2592 lideles
1304 2525 1402 2593 Sinici

160 2631 299 2713 imperii,
331 2650 368 2696 ac
397 2649 561 2714 regnorum
576 2631 783 2697 ¹finitimorum
808 2631 848 2696 ab
870 2630 930 2714 opii
954 2631 1059 2708 cultu,
1093 2634 1264 2697 mercatura
1288 2633 1320 2696 et
1346 2651 1402 2696 usn

160 2733 355 2800 deterrendos
388 2738 537 2820 quotquot
572 2735 615 2800 ibi
651 2755 705 2819 pro
727 2735 866 2825 'cbristo
898 2735 1052 2817 legatione
1086 2735 1256 2818 iunguntur
1279 2755 1401 2801 omnem

159 2839 262 2904 daturi
283 2838 347 2904 sint
368 2858 505 2924 operam,
537 2859 597 2922 qua
624 2839 756 2904 assiduis
779 2839 905 2903 monitis
927 2841 960 2903 et
983 2839 1228 2917 hortationibus,
1260 2858 1321 2922 qua
1345 2859 1400 2923 op·

160 2943 298 3024 portunis
319 2943 350 3008 iu
370 2943 482 3026 uulgus
505 2943 597 3008 editis
620 2942 749 3018 libellis,
774 2961 834 3027 qua
857 2942 1078 3022 societatibus,
1101 2947 1135 3008 ut
1156 2943 1261 3021 aiunt,
1283 2946 1402 3026 tempe·

158 3047 279 3112 tantiae
301 3046 471 3123 institutis,
502 3047 634 3130 aliisque
657 3047 774 3124 modis,
804 3066 880 3130 qnos
904 3046 990 3111 iaxta
1013 3047 1099 3113 varia
1121 3048 1256 3113 locorum
1279 3050 1311 3111 et
1334 3067 1404 3129 pen-

158 3169 300 3216 sonarum
325 3151 472 3216 adiuncta
495 3151 595 3234 magis
617 3150 758 3215 elfieaces
779 3153 927 3234 aptosque
951 3151 982 3216 in
1000 3151 1129 3216 Domino
1146 3151 1400 3216 existimaverint.

159 3254 235 3320 Corn
261 3254 539 3339 transgressoribus
565 3256 668 3320 autem
693 3254 837 3319 recidivis
859 3260 891 3318 et
915 3255 1087 3320 habituatis
1110 3255 1210 3320 sciant
1232 3255 1404 3339 sequendas

158 3377 226 3424 esse
250 3359 372 3441 regulas
395 3377 414 3422 a
434 3358 571 3441 probatis
593 3359 770 3424 auctoribus
793 3358 892 3424 datas.

265 3461 378 3529 Datum
403 3463 517 3528 Romae
542 3461 591 3528 die
613 3463 665 3526 29.
691 3461 870 3528 Decembris
894 3481 973 3527 anno
999 3463 1091 3528 1891.
1185 3473 1187 3478 “

978 3566 1014 3631 R.
1037 3566 1126 3632 Card.
1151 3567 1299 3634 Menace.

472 3687 496 3741 7.
516 3687 541 3742 Β.
560 3685 660 3757 Congu.
677 3705 699 3742 s.
717 3685 807 3741 offleii
823 3686 850 3743 d.
868 3687 910 3742 31.
929 3687 995 3742 Maii
1016 3687 1083 3742 1892

185 3773 218 3826 de
238 3772 453 3828 reconciliatione
472 3790 563 3829 eorum
582 3773 775 3829 catholicorum
793 3773 840 3843 qai
859 3791 950 3828 coram
968 3773 1093 3829 ministro
1110 3773 1262 3830 acatholico
1282 3774 1375 3828 metri·

546 3860 664 3916 monium
684 3859 798 3914 mixtum
817 3860 1010 3915 contraxerint.

264 3963 336 4028 Rev.
362 3963 501 4047 Episcopi
528 3964 687 4029 llorussiae
708 3964 736 4028 d.
757 3965 808 4028 31.
827 3966 909 4048 Aug.
930 3963 1011 4029 1891
1030 3964 1277 4046 interrogarunt:
1304 3963 1401 4044 ›Qriid

158 4065 332 4131 laciendum
356 4067 393 4131 de
415 4067 453 4132 iis
476 4067 650 4145 catholicis,
680 4067 731 4150 qui
761 4068 927 4133 secundum
960 4070 1093 4132 veterem
1126 4067 1318 4132 Dioecesium
1343 4088 1394 4132 no-

157 4171 293 4234 strarum
306 4189 405 4246 usum,
417 4170 601 4235 licotcoram
612 4171 752 4236 ministro
761 4171 932 4237 acatholico
942 4171 1171 4235 matrimonium
1184 4171 1401 4248 contraxerint,

160 4273 392 4338 aconlessariis
416 4276 481 4338 sino
513 4275 638 4357 speciali
670 4275 819 4340 facultate
847 4275 1025 4340 absolvendi
1058 4275 1096 4339 ad
1121 4274 1173 4340 SS.
1200 4275 1403 4339 Sacramenta

157 4376 285 4440 admissi
308 4379 421 4442 santi«
467 4377 497 4443 S.
522 4379 672 4462 Congreg.
698 4377 836 4445 sollio.
866 4379 896 4442 d.
923 4378 971 4445 18.
1006 4379 1080 4443 11111
1112 4379 1196 4443 1892
1228 4379 1401 4461 respondit:

159 4479 239 4561 »Qui
262 4498 332 4545 uero
356 4481 511 4564 brucusque
538 4482 622 4547 nulla
645 4481 770 4564 praevia
790 4502 808 4547 a
830 4482 967 4548 censuris
991 4481 1199 4560 absolutione,
1230 4482 1267 4545 ab
1293 4482 1399 4546 huius·

157 4583 241 4648 modi
266 4585 357 4668 culpa
379 4585 513 4651 absoluti
537 4588 619 4663 sunt,
643 4585 729 4650 iuxta
751 4586 889 4669 exposita
912 4605 969 4652 non
994 4604 1060 4654 esse
1081 4584 1324 4669 inquietandos«
1421 4625 1422 4630 η
