3268 4894
240 251 300 317 170
346 269 388 325 Dc
408 269 698 325 contractionum
717 267 809 324 butas
826 285 907 326 saec.
924 286 945 325 a
961 271 1090 340 paoem.
1109 269 1221 325 Gallio.
1240 272 1408 338 occupatis.

340 443 388 508 Ad
411 442 480 521 4³¹⁰,
505 441 660 527 prouisum
685 441 717 505 in
737 439 953 524 praecedeuti;
983 440 1065 525 quod
1088 440 1114 506 si
1137 440 1243 526 aliqua
1265 443 1398 525 supersit
1416 443 1478 509 dil-

236 547 370 625 licultas,
392 547 505 612 iterum
530 544 758 612 recurrendum.

341 659 482 724 lamaero
503 658 678 725 recentibus
698 657 812 723 litteris
835 657 918 722 datis
937 657 987 721 die
1003 660 1032 724 5.
1049 657 1238 742 Septembris
1254 658 1389 724 labentis
1404 660 1476 726 anui

235 764 357 831 nomine
372 763 467 830 etiam
487 763 551 831 VV.
570 763 630 830 ΡΡ.
651 761 715 828 Dl).
734 761 951 845 llplsooporum
968 761 1158 827 'trevirensis
1177 765 1209 828 et
1225 763 1476 830 blonasterleusis

234 868 340 943 rulers,
363 868 443 952 quod
464 870 556 933 aulea
580 867 706 932 minime
729 885 919 942 narraveras,
942 866 1022 931 bona
1037 865 1247 932 ecclesiastica
1263 867 1301 931 de
1316 867 1429 951 quibus
1444 867 1476 933 iu

235 973 303 1038 istis
326 973 515 1038 dioecesibus
538 969 651 1053 agitur,
673 989 770 1054 paene
791 969 894 1036 omnia
916 972 985 1054 post
1004 970 1221 1036 concordatum
1246 991 1265 1036 a
1287 971 1329 1056 gl.
1355 991 1395 1039 m.
1422 971 1476 1036 Pio

236 1077 297 1144 ΡΡ.
317 1076 388 1145 Vll.
412 1075 461 1141 die
486 1076 536 1142 15.
558 1074 638 1141 Julii
663 1074 744 1140 1801
771 1092 841 1140 cum
864 1073 1021 1141 Gubernio
1043 1073 1165 1140 Gallico
1188 1073 1300 1140 initum
1323 1078 1476 1158 occupata

235 1181 338 1258 luisse,
362 1180 491 1264 ideoque
513 1179 635 1245 nomine
658 1176 886 1262 praedictomm
909 1178 1127 1262 llpiscoporum
1152 1178 1240 1262 petie,
1265 1181 1300 1244 ut
1318 1179 1476 1245 Sanctitas

233 1285 296 1351 Sua
318 1283 587 1359 condonationem,
610 1301 703 1366 quarn
726 1282 770 1367 gl.
794 1301 833 1347 m.
861 1280 933 1347 Pius
957 1281 1018 1347 ΡΡ.
1045 1281 1112 1348 VII.
1136 1283 1317 1348 aorrcordato
1338 1283 1399 1347 diei
1424 1285 1474 1348 15.

234 1389 347 1454 mensis
374 1385 452 1454 Julli
487 1386 567 1453 1801
598 1389 657 1453 art.
682 1384 761 1452 Xlll
796 1385 965 1460 concessit,
999 1386 1093 1450 etiam
1128 1387 1165 1450 ad
1200 1388 1414 1469 occnpationes
1444 1387 1475 1452 in

231 1493 359 1560 sinistra
389 1490 486 1558 Rheni
517 1490 584 1575 ripa
614 1508 709 1574 usquo
740 1489 778 1555 ad
803 1488 894 1554 fiunem
918 1491 989 1554 anni
1017 1489 1102 1554 1814
1124 1491 1321 1556 continuatas
1344 1491 1476 1574 benigne

232 1597 395 1664 extendere
418 1595 502 1662 uelit.

336 1710 393 1774 His
416 1707 568 1786 omnibus,
594 1706 692 1774 lllms
715 1706 856 1784 Domine,
880 1707 915 1771 ut
936 1707 997 1772 mei
1020 1707 1155 1773 muneris
1179 1709 1255 1785 erat,
1280 1727 1332 1790 per
1353 1727 1402 1774 me
1425 1727 1473 1772 re·

231 1815 315 1891 latis,
339 1814 497 1879 Sanctitas
512 1810 574 1876 Sua
596 1809 727 1893 dignata
748 1812 797 1874 est
819 1809 950 1894 benigne
972 1829 1107 1875 annuere
1130 1811 1216 1876 iuxta
1239 1830 1357 1894 preces;
1381 1814 1474 1894 atque

231 1920 355 2001 insuper
377 1915 546 1999 sigrrlfieari
570 1914 731 1979 mandavit
751 1913 954 1979 hortatorium
979 1915 1016 1979 ad
1042 1913 1092 1998 pia
1114 1933 1215 1993 onera,
1239 1915 1264 1979 si
1288 1935 1366 1998 quae
1386 1915 1474 1980 bonis

232 2021 378 2087 ecclesiae
403 2019 539 2101 abreptis
564 2021 642 2082 lorto
665 2018 864 2094 inhaereant,
896 2017 975 2101 quod
999 2021 1036 2082 ad
1063 2018 1169 2083 lidoles
1192 2023 1328 2102 spectat,
1360 2021 1412 2103 qul
1436 2039 1472 2083 ea

232 2125 311 2190 bona
335 2124 501 2207 possident,
524 2121 687 2188 consilium
708 2141 811 2187 secum
835 2122 925 2196 lorre,
956 2141 1016 2187 uon
1039 2124 1247 2206 praeceptum.
1293 2123 1380 2204 Quod
1404 2143 1474 2190 uero

231 2229 343 2294 attinet
367 2228 405 2291 ad
430 2227 603 2310 Episcopus,
626 2246 694 2292 eam
718 2227 897 2309 specialium
920 2226 1153 2310 inquisitionum
1175 2246 1234 2291 non
1250 2227 1405 2311 imponere
1420 2228 1472 2293 ob·

230 2333 428 2417 ligationem,
460 2331 512 2395 sed
547 2332 668 2396 lantum
699 2333 734 2396 11
757 2329 815 2395 bae
839 2330 1077 2414 particularibus
1099 2329 1131 2395 in
1154 2330 1277 2396 casibus
1299 2331 1377 2397 liant
1398 2331 1472 2397 data

230 2435 470 2521 opportunitate.

333 2548 434 2612 Tuum
457 2545 518 2612 erit
541 2547 615 2611 lraec
632 2545 735 2611 omula
750 2564 820 2610 cum
836 2545 1046 2627 praelaudatis
1063 2547 1220 2630 Episcopis
1235 2547 1470 2616 communicare.

335 2658 529 2724 8111111111
553 2677 589 2723 ae
611 2657 714 2723 delicia
737 2658 840 2724 omnia
864 2659 1011 2741 adprecor
1035 2680 1053 2723 a
1078 2659 1158 2726 Deo,

333 2783 450 2847 Romae
470 2800 505 2846 or
529 2780 657 2846 aedibus
682 2779 804 2858 Nostris
826 2780 948 2846 (11127.
973 2781 1157 2846 Novembris
1184 2783 1274 2848 1891.

722 2901 953 2968 addictissimus
975 2903 1007 2967 in
1031 2903 1162 2968 Domino

926 3024 963 3091 ll.
988 3024 1078 3090 Gard.
1103 3026 1241 3092 Monere
1267 3028 1298 3094 P.
1327 3027 1364 3091 bl.
