3220 4906
701 775 776 855 ΧΙ.Ι.

119 929 301 1009 Decretum
331 933 366 1009 el
395 931 534 1011 litterae
555 951 585 1011 s.
609 929 730 1032 conpr.
754 934 797 1011 de
820 931 966 1035 Propap.
988 933 1067 1014 crue
1088 933 1131 1014 de
1153 933 1357 1036 quaestione

227 1051 379 1132 scholari
408 1051 439 1130 in
466 1053 619 1133 statibus
646 1053 841 1134 foederatis
868 1055 1048 1136 llmcricae
1074 1059 1243 1156 seplenlr.

419 1205 493 1276 (ugr.
515 1210 636 1272 arcora,
656 1207 702 1262 so.
722 1209 849 1264 oxum.
869 1209 897 1264 s.
915 1209 966 1265 soc
983 1215 1052 1280 equo

177 1345 200 1397 l.
229 1343 334 1398 Decisic
351 1343 560 1414 congregation.
580 1347 703 1413 specialis
722 1346 755 1400 de
774 1349 952 1417 Propaganda
971 1347 1038 1402 Fide
1055 1348 1097 1402 21.
1116 1349 1203 1418 April.
1221 1349 1294 1404 1892,

114 1466 157 1532 In
169 1469 401 1550 conpreyctc'one
412 1467 544 1548 special-l
555 1467 592 1530 dc
608 1468 742 1549 Proprrp.
759 1469 848 1546 arae,
860 1470 966 1534 bullita
982 1471 1034 1534 dic
1049 1475 1103 1536 21.
1117 1471 1243 1552 Aprilis
1256 1477 1353 1537 1892.

219 1597 268 1660 Ab
292 1596 440 1660 dubium:
471 1595 551 1676 Qual
580 1596 715 1680 gludlnio
739 1597 839 1662 dobba
861 1599 990 1680 portsrsi
1014 1597 1357 1665 sull'accomodamento

115 1699 255 1764 adottato
278 1699 560 1764 dall'Arcivesoovo
585 1700 706 1764 lreland
732 1701 877 1782 riguardo
908 1702 968 1766 alle
996 1701 1054 1766 due
1077 1703 1179 1768 scuole
1202 1703 1232 1766 di
1256 1704 1352 1770 Fari·

114 1803 201 1868 bault
223 1823 239 1866 e
262 1803 441 1880 Stillwaten
468 1806 495 1868 in
520 1823 602 1870 casu.
627 1801 774 1890 [Lotincr
798 1804 955 1884 Quodnam
974 1806 1131 1870 terendum
1148 1807 1353 1889 sitjudicium

112 1907 196 1972 circa
218 1907 467 1990 compositionem
491 1907 601 1972 initam
618 1909 656 1971 ab
673 1909 899 1991 archiepiscopo
915 1909 1048 1986 lreland,
1069 1911 1163 1976 relate
1179 1911 1217 1976 ad
1234 1913 1355 1978 scholas

111 2011 149 2074 de
172 2011 344 2077 Faribaull
366 2012 398 2076 et
421 2010 600 2088 Stillwater,
624 2013 653 2076 in
678 2014 785 2094 casu],
811 2013 1052 2094 respondendum
1077 2019 1282 2082 censuerunt:

218 2115 419 2196 affirmatius
442 2117 489 2179 et:
516 2115 626 2180 Firmis
648 2116 679 2178 in
703 2135 756 2179 suo
779 2118 885 2180 rolrcre
908 2118 1102 2182 manentibus
1121 2117 1259 2182 Decretis
1277 2119 1355 2184 Con-

112 2218 252 2282 siliorum
277 2218 551 2283 Baltimorenslum
575 2239 667 2301 supra
690 2220 812 2284 scholas
836 2221 1042 2304 parochialem,
1070 2223 1249 2304 compositio
1275 2223 1353 2287 inito

112 2341 130 2387 a
153 2322 189 2388 R.
214 2321 251 2388 D.
276 2321 313 2386 D.
339 2322 576 2404 Arclriepiscopo
607 2323 728 2386 lreland
749 2323 845 2388 relate
868 2325 905 2388 ad
930 2325 1049 2390 sclrolas
1074 2326 1111 2389 do
1133 2325 1301 2392 Furibunll
1323 2329 1354 2390 et

110 2425 289 2506 Stidwctrm
312 2426 469 2508 perpensis
494 2427 634 2492 omnibus
658 2428 910 2506 circumstantiis,
934 2429 1059 2494 tolerari
1083 2431 1194 2512 potest.

214 2529 250 2594 lo
273 2530 429 2594 audientia
453 2531 558 2596 habits
581 2531 687 2595 cadero
712 2532 762 2594 dle
783 2533 833 2596 21.
858 2532 983 2614 Aprilis,
1007 2532 1120 2598 SSmus
1140 2535 1349 2616 supradictam

113 2633 255 2699 ltmorum
280 2635 496 2699 resolutionem
522 2635 691 2717 approbare
718 2635 944 2716 dignatusest.

447 2739 637 2821 Hymetius
661 2739 803 2821 Acciriep.
829 2741 1023 2817 Tomiotben,
1047 2740 1246 2807 Secretarins.

109 2893 133 2946 2.
159 2892 266 2948 Literac
284 2909 306 2947 s.
325 2891 422 2962 Congr.
445 2891 478 2947 de
501 2893 680 2962 Propaganda
700 2893 764 2948 nido
783 2893 817 2948 ad
835 2909 888 2947 rar.
909 2894 985 2948 Dora.
1005 2895 1126 2960 lreland,
1150 2895 1352 2965 archiepiscop.

505 2983 590 3060 sanct.
609 2979 694 3034 Paulo
712 2980 753 3035 30.
774 2979 851 3050 April
871 2979 947 3035 lasa.

212 3091 242 3156 S.
266 3091 513 3175 Congregacione
535 3092 574 3156 de
598 3093 800 3176 Propaganda
824 3093 907 3160 uide.

775 3214 881 3294 Roma,
905 3214 928 3278 li
951 3215 1003 3278 30.
1029 3214 1126 3297 April.
1153 3215 1244 3279 1892.

367 3333 458 3398 Illme
481 3353 517 3398 ac
543 3335 617 3398 Rma
642 3334 780 3402 Domine.

213 3454 336 3519 Placuit
361 3455 568 3536 amplitudini
591 3455 675 3520 Tuae
693 3457 810 3538 judicio
832 3456 965 3522 Sanctae
986 3456 1074 3520 Sedis
1096 3457 1246 3538 subjicere
1266 3476 1347 3520 oom-

108 3559 289 3641 posttioncm
314 3577 406 3641 quam
432 3559 508 3623 loire
531 3561 734 3640 opportunum
755 3561 944 3625 existimavit
967 3561 1048 3624 circa
1072 3559 1193 3625 scholas
1216 3560 1349 3625 elemen-

107 3665 188 3729 tares
211 3664 346 3728 locorum
370 3661 407 3726 de
431 3661 598 3728 Furiboult
621 3665 653 3728 ct
671 3663 842 3730 Stillwcter
865 3684 938 3730 suae
960 3663 1116 3741 dioecesis,
1141 3667 1177 3727 ut
1194 3664 1272 3728 bono
1288 3664 1351 3747 spi·

106 3767 213 3832 rituali
236 3765 456 3830 succrescentis
469 3767 642 3850 juventutis
659 3769 805 3849 pastorali
821 3787 895 3832 suae
912 3786 1002 3833 curae
1018 3767 1211 3832 concreditae
1229 3768 1348 3832 meliori

106 3889 166 3955 quo
190 3871 255 3935 fieri
279 3871 401 3952 poterat
424 3869 515 3934 modo
538 3870 719 3952 provideret.

211 3974 338 4056 Sapiens
360 3974 417 4040 hoc
440 3974 663 4056 Amplitudinis
687 3974 770 4039 Tuae
796 3974 957 4039 consilinm
986 3995 1020 4038 eo
1042 3975 1221 4057 prudentius
1250 3976 1346 4038 uisum

106 4081 163 4157 est,
187 4079 267 4162 quod
291 4077 470 4160 compositio
496 4078 688 4161 hujusmodi,
714 4079 854 4162 quamuis
877 4079 1051 4160 singulares
1073 4082 1104 4143 et
1125 4080 1348 4162 exceptionales

106 4185 229 4248 tantum
249 4201 338 4246 casos
360 4183 561 4265 respiciebat,
593 4183 749 4264 pluribus,
778 4185 845 4247 tum
866 4201 1021 4246 sacrorum
1046 4183 1257 4260 antistitibus,
1281 4188 1346 4253 turn

108 4287 178 4352 aliis
201 4305 236 4352 ex
259 4286 394 4352 interiori
419 4285 499 4352 clero
524 4287 570 4351 uel
594 4305 630 4350 ex
649 4287 769 4369 populo,
794 4287 894 4350 minos
918 4287 1072 4368 probanda
1089 4287 1268 4370 apparebat,
1289 4287 1347 4352 lor·

106 4411 159 4456 san
183 4391 256 4473 qula
275 4390 342 4472 eJus
362 4389 508 4472 adjuncta
530 4393 562 4454 et
581 4389 771 4454 conditiones
792 4409 849 4454 oon
874 4392 917 4455 eis
940 4391 985 4454 ita
1008 4395 1168 4474 perspecta
1188 4394 1277 4456 crant
1301 4393 1346 4456 uti

105 4493 311 4577 opportuisset
334 4493 372 4558 ad
395 4513 524 4577 aequuum
550 4495 679 4576 desuper
699 4493 849 4575 judicium
872 4495 1041 4559 terendum.

211 4597 292 4662 Hinc
311 4597 468 4664 Sanctitas
489 4598 550 4664 Soa
566 4617 630 4662 rem
646 4599 727 4664 tanti
747 4600 895 4664 momenti
913 4598 1069 4664 nonnullis
1087 4597 1346 4662 Emirreotissirnis

1176 4699 1243 4764 26*
