3220 4906
204 275 266 340 288
310 291 421 362 compr.
438 288 527 344 Ocno.
546 287 582 342 dc
601 287 717 342 unione
737 287 805 342 eccl.
826 287 944 342 Seccov.
964 303 1034 342 cum
1052 289 1178 344 abbatia
1200 291 1265 344 orel.
1285 287 1314 342 S.
1332 284 1442 344 Bonam

206 465 334 530 Domino
360 464 507 548 Episcopo
539 461 676 544 putribus
711 459 917 526 benedictinis
949 461 1126 527 monasterii
1158 460 1364 527 Seecoviensis
1387 460 1441 525 ad·

205 569 408 633 ministranda
433 566 550 632 tradita
572 567 628 630 est.
676 565 777 628 Rebus
808 564 1023 648 spiritualibus
1054 565 1214 649 parochiae
1246 566 1442 649 hucusquea

204 673 322 737 duobus
346 673 486 754 patribus
511 668 718 735 Benedictinis
742 668 928 750 providetur,
955 688 1008 750 pro
1031 689 1091 753 qua
1114 687 1188 733 cura
1212 669 1441 744 monasterium,

203 779 354 859 quatenus
378 794 558 840 oeconomus
579 792 633 838 seu
658 772 892 836 administrator
917 772 1095 854 parochiae,
1125 773 1239 856 accipit
1261 773 1444 856 temporalia

204 879 359 956 beneficii,
390 898 467 963 quae
498 879 611 961 partim
644 896 678 940 ex
708 876 935 959 parochialibus
967 877 1156 958 proveniunt.
1207 875 1267 942 Sed
1298 877 1443 960 quoniam

204 982 422 1048 monasterium
450 981 647 1048 Scccovieuse
676 980 738 1044 iam
770 979 807 1044 ad
838 979 1007 1044 Abbatiam
1036 982 1177 1046 erectum
1201 981 1320 1045 firmam
1346 981 1443 1046 stabi-

203 1087 324 1170 lemque
348 1086 502 1170 quandem
526 1084 732 1149 conditionem
757 1085 881 1148 nactum
905 1087 969 1162 est,
1002 1086 1124 1168 tempus
1152 1103 1217 1150 esse
1241 1084 1377 1162 videtur,
1409 1087 1444 1150 ut

205 1191 299 1254 ctiam
322 1208 399 1271 quae
421 1187 587 1254 intercedit
610 1188 691 1252 inter
713 1187 934 1252 monasterium
958 1188 1194 1271 parochiamque
1221 1188 1329 1254 relatio
1352 1208 1387 1253 ex
1408 1207 1443 1253 eo

204 1296 299 1371 statu,
323 1294 374 1377 qui
399 1293 438 1357 ad
461 1295 583 1376 tempus
603 1293 670 1356 eret
693 1291 890 1369 constitutus,
914 1289 975 1356 ianr
997 1291 1028 1356 in
1050 1291 1195 1358 stabilem
1221 1291 1375 1375 fixumque
1394 1311 1444 1356 or-

206 1398 305 1462 dinem
329 1397 478 1462 transeat.
526 1394 614 1479 Quod
638 1397 671 1459 ut
699 1393 892 1478 perficiatur,
924 1396 1075 1477 optimum
1108 1397 1189 1461 iacta
1217 1397 1312 1460 abbas
1335 1416 1443 1479 supra-

205 1501 307 1565 dictus
338 1500 547 1566 consentiente
575 1499 841 1564 Rerercudissimo
872 1499 1000 1563 Domino
1024 1499 1172 1584 Episcopo
1195 1519 1261 1566 esse
1286 1502 1393 1581 putat,
1417 1501 1444 1564 si

205 1605 350 1689 parochia
371 1603 577 1670 Seccovieusis
599 1603 687 1686 pleno
712 1602 775 1667 iure
798 1603 981 1668 monasterio
1010 1601 1200 1669 Seccoriensi
1224 1604 1443 1687 incorporetur.

312 1727 522 1808 »Quapropter
544 1725 640 1788 abbas
667 1723 894 1805 suprascriptus
920 1723 1125 1790 Sanctitatcm
1148 1724 1247 1790 Tuam
1272 1725 1445 1790 humillime

206 1831 306 1913 rogat,
332 1831 366 1894 ut
389 1828 527 1894 Oratoris
551 1828 690 1910 precibus
714 1827 933 1911 benignissime
957 1847 1094 1892 annuens
1115 1829 1281 1906 concedat,
1303 1831 1339 1894 ut
1362 1829 1445 1894 dicta

207 1933 349 2015 parocbia
373 1933 526 1997 Abbatiae
549 1931 739 1997 Seccoviensi
763 1931 852 2015 pleno
874 1931 957 2010 iure,
989 1931 1020 1996 id
1051 1934 1100 1997 est
1127 1933 1225 2014 quoad
1254 1933 1390 1998 cilicium
1413 1937 1445 1998 et

207 2037 386 2102 beneficium
410 2037 618 2118 incorporetur
641 2036 673 2100 et
696 2037 730 2099 ut
754 2037 890 2118 potestas
914 2036 1090 2118 perficiendi
1121 2037 1200 2102 hanc
1222 2037 1442 2120 incorporatio-

209 2161 294 2217 nem,
327 2141 533 2223 inquantum
564 2139 602 2204 ad
631 2139 731 2222 ipsum
763 2140 898 2222 pertinet
929 2139 1078 2222 Episcopo
1109 2160 1188 2205 nunc
1219 2142 1361 2224 regnanti
1386 2142 1444 2206 lte·

208 2243 424 2309 verendissimo
446 2243 575 2308 Domino
598 2242 710 2309 Joanni
733 2243 873 2327 Zwerger
894 2243 1077 2307 tribuatur«

310 2364 476 2448 Episcopus
499 2364 554 2428 has
579 2383 680 2445 preces
704 2365 919 2430 transmittens
952 2363 1206 2447 supplicationem
1234 2384 1321 2429 suam
1345 2365 1445 2430 lacere

207 2468 408 2551 profitebatur
429 2469 466 2532 ob
490 2487 608 2544 causas,
631 2487 716 2552 quas¹
730 2467 776 2532 ita
798 2469 976 2532 enumerat:

313 2589 769 2654 ›1⁰ParocbiaSeccoviensis
793 2589 921 2654 lundata
945 2588 1088 2654 lucrata
1112 2591 1265 2655 canonicis
1294 2589 1444 2674 regulari·

206 2693 273 2770 hus,
297 2693 350 2776 qui
373 2692 549 2774 parochiam
574 2691 841 2769 administrabant,
864 2692 1018 2776 usquead
1042 2695 1273 2773 annum1782,
1298 2714 1357 2776 quo
1381 2713 1445 2756 mo·

207 2796 374 2861 nasterium
397 2815 451 2878 per
474 2796 663 2861 Guberninm
684 2795 819 2860 deletum
844 2796 901 2862 est.
937 2795 1146 2879 incorporatio
1169 2798 1267 2880 petita
1290 2816 1364 2880 ergo
1380 2799 1444 2862 sta·

209 2903 275 2964 tum
298 2901 472 2965 restituet«

311 3023 366 3084 »2⁰
391 3021 524 3086 Basilica
546 3019 751 3085 Seccoriensis
774 3039 854 3085 nunc
878 3020 915 3084 de
939 3020 1020 3085 iacto
1037 3021 1222 3104 parochialis
1239 3022 1366 3086 ecclesia
1388 3024 1444 3087 est.

207 3123 366 3208 Congruit,
391 3125 425 3188 ut
448 3125 616 3208 presbytcri
639 3124 797 3208 regulares
812 3123 864 3208 qui
880 3123 989 3189 ciliciis
1004 3124 1116 3189 divinis
1135 3125 1316 3209 iunguntur,
1340 3145 1444 3190 curam

206 3247 325 3312 quoque
348 3228 521 3292 animarum
544 3230 574 3291 in
600 3227 744 3310 paror-hia
766 3230 906 3310 gerant«

314 3342 367 3404 »3⁰
389 3340 595 3423 Incorporatio
616 3342 759 3423 exoptata
781 3339 962 3403 differentiis
977 3339 1120 3417 occurrit,
1145 3340 1275 3424 illasque
1297 3342 1336 3406 ab
1357 3341 1445 3405 initio

207 3442 311 3526 procul
333 3444 403 3520 fert,
429 3463 507 3528 quae
531 3444 619 3508 facile
643 3444 723 3507 inter
745 3445 918 3508 saeculares
942 3445 974 3507 ct
996 3445 1153 3526 regulares
1177 3445 1351 3510 sacerdotes
1374 3445 1445 3509 oriri

207 3549 346 3629 possent,
377 3547 462 3612 siin
489 3566 550 3612 una
581 3547 748 3628 eademque
778 3547 907 3612 ecclesia
938 3546 1048 3612 ciliciis
1077 3547 1205 3613 dirersis
1225 3567 1348 3632 operam
1373 3549 1445 3615 dare

208 3649 384 3716 deberent«

313 3763 596 3846 »4⁰1ncorp0reti0
618 3763 714 3845 petita
733 3763 829 3828 etiam
852 3763 999 3848 Episcopo
1023 3763 1216 3831 Seccorionsi
1233 3763 1355 3830 Oratori
1379 3783 1445 3848 por-

208 3869 297 3950 grata
323 3867 479 3942 eveniret;
510 3867 630 3931 laborat
659 3867 741 3931 enim
772 3867 903 3932 diocesis
933 3869 994 3931 iam
1029 3889 1083 3953 per
1107 3869 1218 3933 multos
1247 3888 1342 3934 annos
1366 3869 1444 3934 haud

207 3973 300 4053 parva
323 3971 449 4053 penuria
472 3969 665 4035 sacerdotum
686 3971 922 4035 saecularium«

315 4085 368 4146 »5⁰
391 4082 530 4165 Denique
550 4084 588 4148 ab
609 4102 687 4148 anuo
713 4084 796 4149 1884
819 4103 924 4148 curam
948 4083 1154 4166 parochialem
1177 4084 1342 4167 prorisorio
1358 4086 1446 4150 modo

207 4185 337 4268 imposui
364 4186 575 4253 sacerdotibus
604 4189 792 4253 monasterii.
837 4188 963 4266 Testor,
994 4187 1064 4254 illos
1088 4187 1188 4253 allicio
1211 4189 1354 4272 imposito
1377 4190 1444 4254 lau-

208 4290 351 4354 dabiliter
375 4291 562 4357 satisfecisse
586 4294 708 4357 etcum
732 4291 813 4357 omni
839 4292 970 4357 salutari
994 4291 1135 4358 effectu«

314 4403 442 4467 Domum
467 4405 631 4468 canonicus
654 4403 780 4481 Karion,
799 4404 852 4487 qui
875 4404 1058 4487 parochialis
1074 4404 1221 4468 ecclesiae
1239 4402 1446 4469 seccoviensis

209 4509 353 4588 patronus
376 4526 407 4571 se
430 4507 515 4584 dicit,
540 4507 748 4591 syngraphum
765 4508 962 4586 transmittit,
987 4527 1046 4592 qua
1062 4507 1200 4572 declarat
1216 4527 1248 4573 se
1263 4509 1445 4586 consentire,

209 4611 244 4672 ut
266 4609 365 4693 petita
388 4609 510 4675 unionis
533 4609 636 4696 gratia
659 4610 724 4675 fiat.
