3220 4906
255 265 319 333 314
360 284 453 341 neca
473 285 558 342 xrrr.
578 286 624 342 rra
642 286 723 342 oreo.
742 286 769 340 c.
788 283 837 339 ao.
856 284 932 340 aaa.
951 283 1026 339 roca
1044 285 1081 340 aa
1099 289 1170 339 sear.
1189 296 1309 339 eamne.
1326 299 1351 338 ι.
1367 275 1443 351 tans

256 458 485 542 wersammlnng
507 477 565 523 won
589 457 697 524 'l'riont
711 459 771 523 don
790 456 952 523 Bisclrolen
970 457 1024 521 das
1042 456 1140 521 Recht
1155 455 1367 534 worbehalten,
1390 455 1495 520 selcha
1592 525 1593 528 Ἴ

256 561 359 626 Bilder
382 561 662 642 ausnnschliessen,
695 562 809 627 welche
835 562 904 626 dem
928 560 1033 626 uersa
1056 561 1109 626 des
1134 559 1262 626 Vereins
1286 560 1419 644 weniger
1440 577 1493 623 zn-

253 665 385 731 tradend
408 665 563 732 scheinon.

357 770 386 837 8.
423 769 532 835 Dicin
557 770 614 835 dan
640 770 751 835 Vereiu
773 770 1048 855 aulganommenen
1076 768 1226 833 l'amilion
1258 767 1358 833 haben
1388 787 1426 832 an
1449 767 1494 832 all
1592 803 1593 812 ,

252 873 311 939 don
334 873 484 939 Abltesen
507 873 569 938 und
593 873 778 958 gaistlichen
809 873 938 939 Gnaden
967 872 1113 952 Anthail,
1150 873 1265 937 welche
1298 872 1347 937 die
1378 873 1494 954 Ptpste

253 978 428 1043 demeelben
451 977 602 1061 bewilligt
624 978 733 1057 haben,
759 979 812 1042 wie
836 977 902 1043 dias
925 978 978 1042 ani
999 976 1068 1041 dem
1094 976 1374 1042 dulnalrnreschein
1397 995 1493 1060 anga-

254 1083 353 1167 gsben
378 1084 428 1150 iat.

355 1187 386 1251 9.
420 1185 480 1250 Der
507 1184 806 1268 Cardinalprotector
835 1185 910 1250 wird
941 1185 984 1250 im
1017 1185 1260 1250 llinwernehmen
1291 1185 1349 1249 mit
1376 1183 1492 1249 seinern

254 1290 399 1354 Beirathe
423 1289 501 1354 nach
522 1289 639 1354 Bedarl
659 1291 708 1355 die
733 1289 961 1374 dnordnuugen
985 1290 1128 1368 erlassen,
1153 1289 1185 1354 in
1208 1289 1341 1354 walchen
1362 1289 1411 1353 die
1426 1289 1493 1352 ein·

253 1394 359 1459 zelnen
385 1393 624 1478 Verordnungen
655 1414 709 1460 cur
738 1393 919 1478 Fordemng
951 1393 1005 1460 des
1041 1393 1185 1471 Vereins,
1222 1393 1272 1458 die
1306 1393 1493 1458 beaonderen

253 1498 469 1576 Vereinslaste,
493 1497 547 1563 der
569 1497 638 1581 Iag
660 1499 715 1563 des
738 1497 926 1576 Titellastes,
951 1495 1000 1561 die
1016 1496 1326 1576 gemeinsctaltliche
1338 1496 1493 1580 janrlicne

254 1602 454 1688 lirnenernng
479 1601 533 1667 der
555 1602 667 1668 Weihe
697 1621 737 1667 an
766 1602 816 1666 die
849 1601 961 1685 heiliga
992 1601 1140 1681 llamilie,
1170 1601 1220 1665 die
1248 1600 1491 1666 abznhaltenden

254 1705 531 1790 Versammlungen
554 1725 582 1772 u.
605 1727 628 1773 s.
655 1727 688 1772 w.
714 1706 937 1790 irundgegeben
958 1707 1088 1771 werden.

682 1867 715 1928 3.
748 1862 812 1928 Lao
836 1861 929 1943 Papa
952 1861 1057 1928 XIII.

606 1992 654 2056 Ad
678 1993 857 2076 perpetuam
879 1991 924 2056 roi
945 1989 1135 2056 memoriam.

356 2120 459 2203 Quum
482 2141 578 2204 nuper
601 2121 698 2188 Nobis
720 2121 904 2205 obtigisset,
933 2121 970 2185 nt
997 2139 1075 2186 nora
1103 2119 1228 2186 Statuts
1251 2118 1494 2185 Gonsoeiationis

252 2224 362 2291 Sacrae
387 2224 535 2291 Familiae
557 2225 745 2308 apostolicis
767 2225 883 2290 litteris
905 2226 1102 2308 probaremus
1131 2230 1163 2290 et
1182 2225 1388 2302 sanciremus,
1415 2225 1494 2288 satis

254 2330 372 2395 muneri
395 2331 488 2413 atquo
511 2328 620 2395 Officio
644 2329 756 2395 Nostro
779 2330 914 2395 facturos
937 2347 1003 2394 ease
1024 2329 1184 2406 duximus,
1208 2330 1234 2393 si
1256 2330 1385 2394 eandem
1410 2329 1490 2395 Con·

251 2434 449 2500 sociationem
474 2433 675 2516 amplissimis
695 2433 796 2500 verbis
811 2433 1066 2512 collaudaremus,
1086 2451 1216 2516 eamque
1238 2433 1417 2499 christianis
1434 2434 1492 2498 Ila-

252 2539 348 2603 miliia
375 2557 567 2622 summopere
599 2537 903 2603 commendaremus·
948 2537 1156 2603 Laudavimus
1190 2539 1312 2617 anum,
1344 2539 1376 2602 et
1409 2555 1494 2602 com·

250 2643 464 2708 mandarimus
486 2661 523 2707 ea
545 2641 703 2707 voluntate
726 2660 820 2725 eoque
842 2641 1007 2724 proposito,
1034 2645 1070 2706 ut
1092 2641 1240 2706 nimirum
1263 2641 1394 2724 populus
1409 2642 1492 2705 chri·

251 2747 390 2824 stianns,
420 2746 507 2810 cuius
529 2748 654 2810 aeterna
676 2745 761 2811 salus
783 2747 831 2810 est
853 2745 949 2811 Nobis
971 2744 1154 2823 commissa,
1187 2744 1226 2809 ad
1250 2745 1491 2811 christianarum

251 2849 403 2915 virtutum
438 2849 561 2915 laudem
596 2850 734 2932 exemplo
766 2868 871 2916 sacrae
906 2849 1057 2914 Familiae
1093 2850 1125 2914 et
1158 2847 1342 2914 invitatione
1377 2849 1493 2914 Nostra

250 2954 419 3036 tempasire
445 2955 668 3019 revocarentur.
718 2953 896 3020 Christiana
927 2954 1039 3037 qnippe
1072 2953 1169 3018 winus
1202 2954 1268 3017 tarn
1296 2955 1343 3017 est
1372 2951 1491 3028 efficax,

250 3058 433 3141 tantumque
462 3058 575 3141 pollet,
606 3059 642 3122 nt
671 3057 702 3121 in
734 3075 771 3123 ea
802 3075 948 3141 magnam
976 3058 1095 3140 partam
1119 3055 1218 3140 posita
1239 3055 1281 3121 sit
1301 3056 1349 3122 wel
1372 3057 1492 3121 sanatio

250 3162 418 3241 malornm,
441 3179 519 3244 qnae
539 3163 701 3244 promunt,
724 3161 772 3227 wel
792 3160 930 3244 depulsio
953 3160 1176 3244 periculorum,
1199 3179 1277 3244 quse
1300 3162 1491 3226 metuuntur.

251 3265 299 3330 Ad
323 3265 470 3332 virtutem
492 3285 562 3331 vero
586 3265 713 3332 mirifice
733 3265 906 3331 excitantur
929 3265 1066 3330 homines
1089 3265 1244 3346 exemplo:
1268 3264 1491 3348 quodquidam

249 3387 284 3434 eo
304 3369 405 3454 magis
427 3369 602 3435 imitatione
624 3371 754 3455 dignum
774 3369 941 3447 indicatur,
971 3387 1031 3452 quo
1057 3368 1208 3452 integrior
1229 3371 1263 3433 et
1285 3367 1422 3434 sanctior
1443 3371 1492 3432 est

250 3485 396 3556 persona,
426 3473 507 3538 unde
528 3475 655 3557 petitur.
696 3474 798 3555 Quare
826 3472 906 3538 haud
939 3473 1051 3537 mirum
1083 3473 1131 3537 est
1160 3471 1187 3536 si
1218 3471 1298 3550 Nos,
1327 3473 1379 3556 qui
1412 3471 1491 3536 nilril

249 3577 351 3662 magis
373 3576 513 3661 cupimus
539 3579 631 3662 atque
654 3579 815 3660 optamus,
838 3595 930 3660 quam
953 3595 1057 3661 posse,
1082 3575 1217 3642 excitata
1240 3575 1352 3660 ubique
1377 3577 1491 3641 virtute

249 3681 428 3762 christiana,
449 3681 662 3765 praesentibus
686 3681 776 3746 malis
800 3680 925 3759 mederi,
948 3683 981 3746 et
1000 3681 1139 3765 proxima
1161 3679 1297 3763 pericula
1324 3679 1490 3764 deprecari,

250 3784 513 3851 consociationem
546 3784 660 3852 Sacrae
698 3783 848 3850 Familiae
885 3784 1037 3868 singulari
1077 3783 1290 3849 benevolentia
1323 3785 1355 3850 et
1387 3782 1491 3848 studio

249 3890 476 3973 prosequimur,
510 3890 617 3973 utpote
650 3907 729 3973 qnae
762 3889 961 3954 sanctitatem
995 3887 1118 3954 divinae
1147 3887 1232 3952 illius
1256 3887 1404 3953 Familiae
1430 3887 1490 3953 sibi

248 3993 390 4077 proponit
410 3993 575 4076 exemplar.
603 3991 716 4059 Omnes
738 3993 820 4058 enirn
841 3992 874 4070 ii,
898 3994 950 4075 qui
973 3993 1005 4057 in
1028 3991 1204 4058 huiusmodi
1225 3989 1490 4058 consociationem

248 4095 359 4161 adsciti
383 4097 472 4177 sunt,
503 4097 765 4181 praeclarissimas
788 4095 884 4175 Jesn,
921 4095 1041 4162 Mariae
1070 4097 1104 4161 et
1124 4095 1241 4179 Joseph
1265 4095 1396 4161 virtutes
1418 4113 1491 4161 con·

249 4201 453 4285 templantes,
478 4220 600 4270 necesse
622 4204 684 4281 est,
715 4203 751 4267 ot
775 4201 1012 4266 similitudinem
1035 4220 1141 4267 earnm
1163 4200 1300 4285 aliquam
1324 4200 1491 4285 adripiunt,

248 4304 375 4390 fierique
399 4306 545 4372 studeant
566 4306 742 4371 imitatione
766 4304 917 4371 meliores.
964 4305 1066 4387 Quare
1088 4305 1195 4390 vigeat
1215 4303 1385 4390 lloreatqne
1415 4305 1492 4369 lnaec

248 4409 301 4492 pis
322 4408 514 4476 Consooiatio
537 4429 632 4493 quum
656 4409 809 4474 sodalium
834 4428 977 4487 numero,
1007 4411 1075 4474 tum
1100 4409 1182 4474 rocta
1204 4410 1356 4474 laetorum
1380 4408 1490 4484 laude;

247 4515 399 4597 angeatur
422 4515 455 4579 ot
476 4513 515 4578 ad
536 4513 639 4597 plures
661 4512 694 4577 in
715 4513 781 4578 dies
803 4513 942 4597 singulos
964 4513 1169 4597 propagetur:
1193 4531 1230 4578 ea
1253 4513 1336 4578 onim
1352 4513 1491 4590 florenta,

247 4615 338 4685 lacilc
359 4615 452 4698 fidos,
476 4617 593 4704 pietas,
620 4619 652 4683 et
671 4617 771 4682 omnis
789 4617 962 4684 christiana
984 4617 1059 4682 lons
1075 4617 1107 4681 in
1130 4617 1269 4682 Familiis
1291 4617 1490 4684 revirescent.
