3264 4914
219 280 247 340 S.
267 281 296 340 0.
314 281 402 340 Cana.
421 279 466 338 14.
485 283 562 352 clap.
581 277 656 338 1863
675 281 712 338 ce
729 277 791 338 iar.
813 272 940 351 paracio.
960 275 1032 338 circ.
1050 275 1229 337 communit.
1248 284 1302 338 ret.
1345 253 1408 330 283

166 477 240 542 copo
261 457 428 523 necessitas
448 474 580 539 gravans
601 453 830 533 conscientiam,
855 452 1001 536 abigendi
1022 454 1190 536 parochum
1208 453 1246 517 ab
1262 453 1406 518 obedieu-

166 561 239 626 dnru
265 559 470 644 suspensione,
495 557 818 635 excommunicatione,
841 557 1012 640 priuatione
1036 557 1186 622 beneficii.

271 664 327 730 Die
346 665 393 728 14.
412 663 546 748 Augusti
564 663 657 741 1863,
682 659 775 738 Sacra
792 661 997 746 Congregatio
1014 662 1160 727 Emoruru
1177 659 1206 728 S.
1226 663 1260 730 li.
1278 663 1313 726 Ε.
1333 663 1407 729 Car·

166 768 318 833 diualium
351 767 478 833 Consilii
512 766 686 832 Tridentini
716 766 940 849 interpretum,
972 765 1136 832 inhaerens
1167 766 1407 832 resolutionibus

165 873 242 938 alias
265 873 296 936 iu
320 871 473 937 similibus
502 870 607 950 editis,
638 869 853 953 perpensisqne
883 870 1090 954 peculiaribus
1114 889 1216 936 rerum
1239 869 1404 954 adjunctis,

164 977 327 1060 propositis
350 974 580 1059 quaestiouibus
604 974 711 1040 taliter
733 973 978 1057 respondendum
1002 976 1124 1039 censet:

269 1079 327 1144 Ad.
351 1080 383 1144 I:
415 1079 587 1162 Quamlibet
613 1077 846 1162 presbyterum,
876 1079 1000 1144 etiarnsi
1024 1079 1184 1146 titularem
1206 1099 1260 1145 seu
1276 1099 1406 1162 posses·

163 1205 265 1250 sorem
294 1185 432 1266 beneficii
455 1203 524 1250 cum
549 1203 627 1248 cura
649 1185 846 1261 animarum,
876 1183 1011 1265 pendere
1041 1205 1062 1248 a
1086 1185 1219 1266 proprio
1250 1183 1406 1268 Episcopo

164 1294 321 1370 monpuam
343 1288 405 1354 sibi
426 1286 604 1365 subditam,
635 1288 726 1370 idque
752 1290 867 1353 uirtute
888 1286 1087 1353 bierarcbiac
1108 1288 1334 1353 ecclesiasticae
1356 1287 1405 1352 di-

164 1392 239 1456 aina
273 1391 471 1456 ordinatione
504 1388 684 1469 institutae,
714 1391 810 1473 juata
841 1395 936 1472 caput
964 1389 1021 1456 IV
1043 1395 1072 1455 et
1100 1394 1170 1456 adn.
1201 1389 1251 1456 VI
1273 1397 1302 1456 et
1329 1390 1403 1468 VII,

163 1513 239 1562 sess.
263 1498 310 1560 23
332 1492 467 1561 Consilii
490 1491 679 1572 Tridentini,
704 1499 732 1560 et
751 1493 899 1575 formatis
916 1492 1140 1576 promissionis
1161 1493 1352 1561 obedientiae
1367 1514 1404 1562 ac

162 1599 352 1666 reverentiae
373 1599 410 1666 in
431 1603 503 1664 actu
524 1617 636 1665 sacrae
658 1595 869 1664 ordinationis
888 1597 997 1664 editae.
1224 1609 1226 1611 ’

266 1703 316 1768 Ad
337 1701 387 1768 Il:
411 1703 553 1787 Inteiiipi
573 1703 612 1770 de
634 1701 792 1785 Episcopo
815 1701 973 1782 dioecesis,
1001 1702 1049 1768 aet
1071 1704 1137 1786 ejas
1166 1701 1292 1770 maaria
1311 1725 1403 1787 pene·

162 1807 237 1888 rati,
260 1828 422 1890 nunquam
443 1829 515 1874 aero
537 1808 576 1874 dc
595 1807 741 1890 parcabc.

269 1911 316 1976 Ad
340 1911 404 1977 III:
429 1911 580 1996 Nepotiae
601 1914 635 1978 in
659 1912 812 1978 amnibus.

266 2014 315 2080 Aa
338 2015 400 2084 IV:
422 2015 632 2099 affirmative,
655 2015 699 2081 ad
720 2016 861 2082 tramites
883 2021 985 2081 tamen
1007 2035 1075 2099 cap.
1098 2015 1160 2096 IV,
1185 2037 1261 2084 sess.
1285 2022 1341 2097 21,
1364 2016 1403 2082 de

162 2119 233 2200 ref,
259 2118 349 2186 Onna.
376 2119 465 2186 Trid.

267 2223 317 2288 Ad
342 2222 384 2287 V:
408 2221 458 2292 Dc
469 2224 546 2306 jure
567 2229 706 2306 spectare
725 2222 769 2289 cd
787 2223 961 2307 parcebam
980 2242 1049 2290 cunr
1064 2223 1290 2305 approbatione
1305 2223 1403 2306 Elpis·

162 2329 249 2409 copi:
272 2329 398 2393 attentis
419 2347 491 2392 acro
507 2327 724 2410 peculiaribus
746 2327 1001 2408 circumstantiis,
1025 2327 1214 2393 servandum
1233 2347 1298 2393 esse
1312 2348 1403 2394 usam

161 2433 195 2498 in
218 2432 349 2497 cmtcrts
368 2431 552 2497 Galliarum
571 2431 762 2498 dioecesibus
780 2433 971 2512 obtinentem,
994 2451 1091 2516 usqae
1105 2432 1181 2498 dum
1197 2432 1291 2498 aliter
1304 2432 1404 2515 fuerit

161 2557 182 2600 a
203 2534 236 2603 S.
259 2534 339 2603 Sede
360 2534 562 2602 declaratum.

266 2639 312 2703 Ad
338 2638 398 2703 VI:
423 2638 504 2706 Esse
525 2638 684 2705 ualidum:
714 2645 868 2706 caeterum
890 2639 1064 2705 curandum
1085 2659 1126 2705 ne
1148 2639 1184 2705 ab
1207 2638 1286 2705 tenes
1306 2659 1400 2721 quas·

160 2743 232 2809 libet
254 2764 367 2809 causm
389 2743 569 2826 hujusmodi
591 2743 805 2826 deputatiancs
824 2746 920 2826 fiam,-
947 2743 1046 2809 satais
1067 2763 1188 2824 semper
1207 2743 1319 2824 facore
1340 2765 1402 2824 pa·

159 2848 248 2913 roabi
269 2847 488 2924 anolunrentis,
512 2849 542 2913 si
562 2869 640 2930 quae
658 2850 818 2915 amasiam
840 2847 1035 2914 matrimonii
1053 2846 1130 2911 dari
1151 2847 1280 2913 soleant.

264 2951 312 3015 Ad
337 2951 413 3017 VII:
437 2952 647 3035 Adfirmatioe.

263 3055 311 3120 Ad
334 3055 429 3121 VIII:
454 3055 615 3139 Nepotiae.

264 3159 310 3223 Ad
336 3158 398 3227 IX:
424 3158 583 3242 Nepotiae.

264 3263 313 3328 Ad
338 3261 383 3328 X:
406 3263 619 3345 Aspimaatiac.

264 3365 310 3430 Ad
334 3366 398 3432 XI:
423 3368 634 3450 Affirmatiac.

264 3470 314 3536 Ad
337 3469 417 3539 XII:
442 3471 599 3554 Nepotiac.

263 3573 311 3639 Ad
334 3574 430 3639 XIII:
454 3575 604 3658 Nepotiae
625 3573 659 3638 in
681 3573 834 3641 omnibus.

262 3679 310 3745 Ad
336 3678 429 3743 XIV:
453 3679 612 3762 Nepatioe.

262 3782 309 3847 Ad
333 3783 408 3849 XV:
434 3782 604 3866 Nepatiaa:

260 3886 310 3951 Ad
333 3887 427 3954 XVI:
454 3885 502 3952 De
516 3887 593 3969 jure
614 3885 737 3952 tortari
757 3891 877 3952 tanturn
894 3905 999 3967 posse.

262 3990 308 4054 rid
331 3989 440 4054 XVII:
463 3990 673 4073 affirmative.

262 4093 308 4158 Ad
333 4092 457 4158 XVIII:
483 4093 583 4159 Prout
597 4093 692 4176 jacet,
714 4094 861 4178 nepetino.

261 4198 311 4263 Ad
333 4197 426 4264 XIX:
448 4198 607 4282 Nepatiae,
632 4197 796 4264 dammodo
819 4197 927 4263 adsint
944 4197 980 4261 in
998 4195 1212 4263 Xenodoobiis
1231 4195 1398 4278 Capeliani

18 4307 20 4320 ·
112 4277 115 4284 ’
155 4303 199 4369 aa
220 4303 257 4368 ra
277 4303 456 4385 monnau
478 4303 628 4385 capuan

261 4407 308 4472 nd
332 4407 411 4476 XX:
443 4406 493 4473 Dc
523 4410 599 4490 jure
625 4427 689 4473 nan
719 4425 830 4488 posse,
862 4407 928 4471 nisi
953 4409 1047 4488 prius
1076 4407 1211 4490 lepitime
1234 4405 1396 4470 declarata

155 4513 346 4594 eaernptione
367 4513 601 4578 communitatis
623 4533 644 4575 a
665 4509 887 4592 jurisdictione
908 4510 1051 4591 parocbi.
1096 4510 1233 4575 Attentis
1254 4529 1324 4574 aera
1342 4529 1396 4588 pe-

154 4617 329 4683 culiaribus
350 4616 612 4696 circumstantiis,
644 4614 832 4681 sanandum
855 4635 1035 4680 assensum
1058 4617 1093 4680 in
1113 4614 1190 4680 aliis
1214 4611 1397 4678 Galliarum

1230 4715 1293 4780 19*
