3220 4906
252 249 395 318 Epistola
414 247 527 316 encpcl.
546 246 697 314 adeptae
721 245 860 314 Hispan,
879 246 958 313 ltet,
975 251 1110 317 utreque
1130 245 1299 301 Americee.
1338 227 1403 292 803

164 441 266 488 rerum
286 420 499 494 maximarum,
524 419 616 500 atque
636 417 668 481 in
689 418 781 482 unius
803 418 866 482 veri
885 416 941 482 Dei
958 417 1150 502 ignoratione
1166 417 1290 483 versari.
1319 417 1403 483 Haec

164 527 263 610 igitur
284 524 364 608 apud
387 523 524 587 animum
548 541 638 586 suum
662 521 796 605 agitans,
820 522 953 605 primum
977 523 1112 587 omnium
1137 521 1295 606 expetivit,
1318 520 1401 600 chri·

163 631 299 694 stieuum
318 645 437 702 nomen,
454 625 640 690 christianae
656 624 804 690 beneficia
820 625 962 690 caritatis
978 626 1010 690 in
1025 626 1214 692 occidentem
1228 624 1402 691 extenderet

163 733 244 818 quod
267 734 334 797 tota
357 731 399 795 rei
424 731 529 814 gestae
550 729 679 796 historia
698 729 818 794 abunde
842 729 1068 812 comprobatur.
1101 729 1180 796 Sane
1202 748 1272 794 cum
1291 748 1310 793 a
1329 728 1402 794 ller-

164 836 297 901 dinando
319 837 352 899 et
371 834 503 898 isabella
528 833 696 916 Hispaniae
719 833 844 915 regibus
869 833 1001 916 primum
1025 833 1130 916 petiit,
1162 852 1225 898 rear
1249 833 1403 915 suscipere

163 941 442 1024 depravarentur,
478 939 566 1021 piane
594 935 717 1020 exponit
736 955 876 1002 caussam
898 938 983 1016 fere,
1011 945 1046 1004 nt
1074 938 1217 1018 ipserum
1237 937 1342 1021 picria
1360 937 1404 1003 ed

162 1045 426 1110 immortalitatem
448 1047 611 1118 cresceret,
643 1041 673 1107 si
701 1061 813 1108 nonren
843 1061 881 1106 ae
907 1043 1085 1108 doctrinam
1106 1041 1187 1110 Jesn
1210 1041 1331 1108 Obristi
1351 1042 1402 1106 in·

159 1152 246 1229 ferre
268 1150 302 1213 in
322 1149 463 1230 repiones
484 1152 548 1210 tem
568 1145 657 1227 lonpe
679 1145 810 1210 dissitas
832 1145 1048 1212 instituissent.
1095 1145 1124 1210 N
1126 1165 1159 1210 cc
1183 1145 1281 1210 multo
1302 1145 1400 1208 serius

162 1270 284 1334 compos
305 1251 442 1315 votorum
467 1249 577 1324 tactus,
601 1249 780 1314 contendere
803 1269 836 1314 se
858 1247 962 1314 eDeo
979 1252 1122 1326 testatur,
1144 1254 1179 1315 ut
1193 1269 1280 1331 repes
1292 1248 1403 1314 diuina

162 1357 230 1422 mus
257 1375 313 1436 ope
338 1354 502 1435 pretioque
529 1352 606 1417 uelle
631 1357 762 1434 perpant
790 1371 887 1418 neees
915 1373 989 1418 eres
1009 1371 1091 1418 neca
1113 1353 1209 1418 litora
1232 1351 1402 1434 Euanpdie

143 1459 305 1524 imbuere.
365 1456 411 1520 ab
446 1455 619 1520 Alexandro
653 1454 704 1520 Vl.
751 1454 899 1520 Pantilius
937 1454 1068 1520 maximo
1104 1455 1184 1520 viros
1220 1455 1403 1538 apostolicos

164 1564 299 1626 maturet
321 1580 374 1644 per
397 1560 517 1624 litteras
534 1561 649 1640 petere,
672 1561 705 1622 in
721 1558 832 1641 quibus
848 1577 884 1624 ea
899 1563 948 1624 est
962 1557 1134 1624 sonanda:
1152 1579 1245 1626 sacre
1260 1564 1403 1626 sendum

161 1665 273 1731 Jesum
288 1664 409 1730 (ebriati
431 1683 542 1728 nomm
563 1669 592 1728 et
615 1661 822 1746 Eneapetium
841 1683 934 1745 quam
956 1663 1110 1729 latissime
1128 1664 1336 1730 disseminare
1354 1684 1402 1728 nm

161 1769 333 1850 aliquande
348 1787 449 1850 posse,
474 1765 543 1833 Deo
565 1767 717 1844 memore,
741 1767 870 1848 confido.
907 1768 1008 1849 Atque
1030 1767 1224 1844 efferebatur,
1245 1769 1401 1849 putamus,

162 1871 286 1955 gaudio,
303 1889 372 1936 cum
388 1870 538 1953 Raphaeli
554 1869 719 1934 Sancbesic
735 1870 866 1952 primurn
882 1869 921 1935 ab
939 1869 1027 1935 ludia
1041 1869 1134 1935 redux
1147 1869 1303 1953 Olisipone
1320 1870 1402 1951 (bis-

162 1975 273 2058 sabon)
296 1974 452 2050 scriberet,
475 1974 615 2056 apendas
633 1972 698 2038 Dee
711 1973 904 2040 immortales
916 1975 1048 2057 prutina,
1072 1975 1154 2056 qnod
1167 1975 1228 2040 sibi
1242 1993 1403 2042 cumesses

162 2085 227 2143 tam
238 2097 406 2160 prosperos
417 2078 544 2159 benipne
554 2077 703 2143 dedisset:
716 2078 853 2160 peudme
863 2097 901 2143 ee
913 2079 1110 2159 triumphare
1119 2085 1230 2146 «lesum
1242 2076 1402 2144 Christum

162 2183 313 2246 interris
335 2201 431 2264 aeque
456 2201 494 2246 ac
523 2181 560 2247 in
589 2181 685 2246 caetis
714 2187 869 2263 oportere,
899 2184 1050 2262 proniore
1081 2183 1147 2248 ium
1176 2183 1315 2266 pentium
1347 2183 1399 2246 in·

162 2285 416 2360 numerabilium,
448 2303 528 2366 quae
557 2291 649 2350 antea
677 2285 720 2350 ed
750 2287 910 2352 interitum
937 2292 1078 2363 reserem,
1109 2286 1218 2352 salute
1264 2283 1352 2367 Quod
1375 2283 1401 2346 si

165 2388 355 2453 llerdinaudo
385 2391 417 2453 et
444 2387 596 2453 leubellae
627 2391 823 2465 auctorest,
857 2392 893 2454 ut
926 2407 1038 2454 norum
1073 2390 1176 2454 orbem
1207 2389 1286 2454 adiri
1319 2407 1402 2454 corn·

161 2491 335 2574 mercisque
368 2511 438 2556 curn
473 2491 628 2575 indigenis
661 2493 784 2558 institui
816 2493 873 2557 nisi
908 2511 926 2557 a
958 2492 1137 2558 christianis
1171 2492 1332 2558 catholicis
1364 2511 1402 2557 ne

159 2597 272 2672 sinant,
296 2615 364 2660 eam
385 2595 475 2660 affert
496 2613 647 2672 caussam,
671 2596 751 2679 qued
773 2597 895 2679 incepto
919 2604 1089 2680 conatuque
1111 2617 1167 2664 ereo
1189 2597 1272 2662 nibil
1289 2596 1401 2678 petiuit

159 2699 265 2776 eliud,
299 2719 393 2782 qnam
421 2699 587 2782 relipienis
619 2700 812 2767 christianae
842 2704 1066 2768 incrementum
1096 2707 1124 2766 et
1152 2701 1255 2768 meus.
1305 2699 1420 2784 quue.

159 2802 325 2880 leubellae,
354 2821 432 2886 quae
461 2805 572 2868 summi
595 2803 653 2869 viri
677 2806 811 2870 meatem
838 2805 1077 2889 introspexerat,
1111 2807 1146 2870 ut
1166 2823 1254 2870 rremc
1278 2803 1397 2882 melius,

157 2908 274 2990 optime
296 2907 473 2990 cognitum:
505 2908 600 2972 immo
630 2906 712 2973 idem
733 2909 823 2992 plane
848 2910 1036 2991 propositum
1060 2908 1272 2991 pientissimae
1294 2909 1327 2971 et
1349 2907 1397 2970 in-

159 3011 249 3093 genio
273 3010 354 3075 virili
387 3029 559 3094 magnoque
591 3012 693 3078 animo
723 3011 855 3078 laminae
878 3016 1001 3078 constat
1022 3011 1127 3077 luisse.
1174 3011 1232 3076 llla
1255 3011 1338 3076 enim
1362 3010 1399 3076 de

161 3115 309 3178 Columbo
332 3114 522 3190 affirmaret,
553 3116 709 3190 turturum,
743 3119 779 3180 ut
808 3117 839 3179 in
868 3119 989 3179 vastum
1021 3114 1176 3180 Oceanum
1209 3133 1241 3178 se
1265 3114 1400 3178 animose

159 3219 262 3295 claret,
286 3239 352 3284 rem
375 3218 552 3299 affectemus,
585 3219 711 3285 divinoe
730 3219 851 3302 pieriae
873 3221 1006 3297 caused,
1030 3239 1215 3302 mupnopere
1236 3219 1400 3300 insipnem.

160 3323 198 3386 lit
222 3322 381 3406 adipsum
405 3321 588 3388 columbum
612 3321 745 3388 secundo
768 3323 929 3398 reducem,
952 3324 1064 3406 optime
1084 3323 1262 3398 collocatos,
1293 3322 1401 3387 scribit

157 3447 232 3509 ques
253 3428 387 3507 ipsomet
408 3429 445 3492 in
466 3427 678 3508 expeditiones
700 3427 833 3492 lndmes
852 3428 986 3509 fecisset,
1010 3447 1143 3511 quosque
1165 3434 1244 3494 esset
1259 3428 1398 3509 sectura,

157 3530 413 3610 temptaminis
433 3531 518 3595 enim
536 3531 807 3612 amplificationem
829 3531 998 3597 eetbelicee
1021 3532 1068 3596 rei
1090 3537 1335 3598 consecuturam.

264 3633 387 3717 Alioqui
410 3635 532 3716 praeter
555 3651 696 3699 caussam
718 3635 853 3700 humant
878 3635 1034 3710 maiorem,
1060 3634 1139 3698 uude
1162 3636 1231 3698 erat
1253 3633 1306 3697 ille
1328 3653 1399 3698 corr-

157 3737 306 3802 stantiam
330 3738 487 3819 animique
510 3737 602 3802 robur
626 3741 792 3803 hausturus
816 3739 854 3804 ad
878 3759 914 3802 ea
939 3738 1139 3821 perferenda,
1171 3756 1248 3820 quae
1276 3739 1399 3802 coactus

158 3844 321 3924 estusque
344 3841 382 3906 ad
406 3844 574 3906 extremum
598 3842 733 3924 perferre
756 3846 787 3908 et
811 3844 956 3926 perpeti?
991 3842 1162 3908 contrarias
1194 3841 1400 3926 intelligimus

158 3944 347 4008 eruditorum
380 3946 564 4025 sententias,
601 3946 734 4012 virorum
758 3948 928 4031 principum
952 3947 1108 4031 repulsas,
1131 3946 1264 4012 furentis
1286 3945 1399 4011 Oceani

157 4049 370 4131 tempestates,
387 4048 527 4114 assiduas
541 4049 673 4133 uigilias,
689 4050 799 4133 quibus
816 4069 905 4116 usum
918 4051 1069 4116 luminum
1087 4051 1157 4134 plus
1172 4049 1268 4116 semel
1284 4049 1399 4115 amisit.

158 4151 321 4217 Accessere
349 4153 466 4234 praelia
485 4171 555 4216 curm
579 4153 734 4228 barbaris,
767 4155 934 4218 amicorum
959 4156 991 4220 et
1012 4155 1164 4221 sociorum
1188 4153 1399 4226 infidelitates,

156 4255 364 4320 ‹eoncelerutae
394 4255 651 4338 conspirationes,
686 4257 858 4323 invidorum
888 4259 1048 4340 perfidiae,
1081 4260 1324 4325 obtrectatorum
1348 4276 1399 4322 ca·

156 4359 302 4434 lemniae,
324 4359 486 4441 impositae
510 4360 665 4426 innocenti
687 4362 857 4444 compedes.
898 4362 1029 4428 Omnino
1052 4381 1175 4429 necesse
1198 4364 1317 4428 bomini
1332 4365 1400 4427 erat

156 4463 314 4528 laboribus
346 4466 452 4529 tarrtae
482 4465 569 4529 melis
598 4484 633 4529 ac
658 4467 745 4530 tanto
769 4485 917 4532 concursu
948 4468 1165 4545 succumbere,
1197 4465 1256 4532 nisi
1277 4485 1311 4530 se
1334 4466 1399 4550 ipse

157 4567 341 4632 conscientiis
374 4570 579 4638 sustentasset
612 4569 810 4654 pulcherrimi
846 4569 943 4648 iacti,
982 4571 1064 4655 quod
1090 4571 1206 4637 nomini
1228 4570 1399 4639 christiano
