3200 4916
188 301 218 356 8.
238 302 328 358 Posse.
346 319 396 372 ap.
414 306 500 357 olroa
517 304 598 367 illos,
618 305 672 374 qut
689 303 745 358 sub
764 318 826 373 ray.
848 303 917 357 llud
936 305 1076 371 magistr.
1095 301 1163 358 loeo
1179 299 1267 372 susq.
1308 283 1371 350 437

243 475 275 537 1⁰
297 473 340 539 Ut
360 475 392 539 in
415 475 552 558 quolibet
575 474 739 557 Reeorim
761 493 814 538 seu
834 473 976 553 lieentia,
1007 491 1061 556 per
1087 473 1130 538 Te
1159 472 1372 557 impertienda,

133 596 275 661 expressa
296 577 445 644 habeatur
469 580 584 644 mentio
608 578 803 660 Apostolioae
826 577 985 644 iaoultetis
1008 577 1047 642 ad
1069 577 1225 644 ellectum.

237 682 271 744 2⁰
294 680 336 746 Ut
357 681 435 747 nihil
458 701 580 764 prorsus
605 681 717 748 Cariae
735 681 908 765 Epieoopali
926 680 1077 764 pendatur
1092 680 1292 748 emolumenti
1308 680 1372 746 siro

133 803 187 867 pro
209 785 376 867 scriptura,
402 785 466 851 sive
490 804 542 869 pro
566 786 684 869 sigillo,
717 785 841 850 etiamsi
863 786 970 868 sponte
993 803 1184 868 quooumque
1206 785 1300 852 titulo
1322 801 1372 850 ex·

135 888 285 964 hiheatur,
306 889 363 954 sub
382 908 479 971 poena
500 889 655 956 nullitatis
677 889 821 954 licentiae
837 889 974 970 ejusdem
990 887 1043 954 ubi
1059 887 1177 974 aliquid
1193 889 1250 954 sub
1265 888 1372 972 quovis

133 995 292 1075 praetextu
315 995 493 1077 perceptum
518 993 620 1060 luerit.
666 993 702 1058 In
724 1012 853 1077 quorum
874 993 968 1058 tidem
987 995 1047 1060 ete.

237 1097 352 1163 Datum
377 1098 491 1164 Romae
515 1118 550 1163 ex
569 1096 650 1166 seor.
677 1098 744 1176 Sao,
770 1098 885 1164 ladiois
907 1095 1173 1183 Oongregah'onis.

536 1259 570 1319 2.
615 1253 648 1322 S.
674 1253 844 1320 Poenitent.
867 1259 966 1336 apost.

148 1381 247 1436 Forma
264 1381 403 1440 facultatis
422 1381 552 1456 episeopis
570 1399 707 1440 concessae
725 1383 794 1438 eirea
812 1384 882 1443 illos.
903 1383 950 1454 qui
967 1382 1017 1438 sub
1035 1381 1167 1452 regimine
1184 1379 1281 1436 Italico
1299 1397 1354 1436 ma-

541 1469 705 1540 gistratunm
723 1471 781 1524 looo
800 1469 958 1540 iunguntur.

435 1591 536 1658 (Ranae
554 1591 601 1649 des
619 1590 713 1652 soieuo.
732 1591 795 1648 deal.
814 1589 882 1648 1892
897 1609 922 1662 p.
940 1590 992 1648 483
1009 1591 1069 1664 sq.).

235 1721 330 1788 Saora
353 1722 603 1800 Poeniteutiaria,
626 1723 664 1787 de
687 1722 812 1806 speciali
836 1726 867 1788 et
890 1741 1031 1805 expressa
1049 1721 1220 1804 apostoliea
1235 1719 1371 1786 auetori-

133 1826 214 1904 tate,
250 1826 380 1910 benigne
412 1827 455 1890 sie
489 1829 642 1892 annuente
676 1825 770 1892 SSmo
808 1826 874 1892 Duo
902 1826 1017 1892 Nostro
1046 1826 1130 1908 Papa
1160 1825 1259 1891 lseoxe
1281 1823 1370 1890 XlII.

135 1930 208 1994 Ven.
232 1930 265 1994 in
288 1930 412 1996 Christo
438 1930 522 1996 Patri
547 1931 584 1995 N.
610 1931 658 2006 N„
682 1930 722 1995 ad
745 1948 874 2008 annum,
899 1931 931 1994 et
952 1929 1134 1994 durantibus
1158 1926 1370 2012 praesentibus

132 2036 304 2116 temporum
325 2034 491 2116 adJunetis,
515 2029 728 2117 infrascriptae
748 2032 889 2100 oonoedit
911 2033 1087 2109 facultates,
1109 2033 1221 2116 quibus
1238 2031 1301 2097 sive
1317 2048 1370 2113 per

133 2157 164 2200 se
188 2137 251 2202 sive
276 2156 440 2220 persuum
465 2138 611 2204 rioarium
635 2139 667 2202 in
691 2137 904 2221 spiritualibus
924 2135 1111 2222 generalem,
1134 2136 1198 2200 sive
1221 2154 1274 2217 per
1293 2133 1371 2199 alias

133 2241 257 2306 idoneas
280 2242 506 2308 ecclesiasticas
530 2260 683 2325 personas,
708 2242 747 2306 ab
764 2240 914 2307 alterutro
930 2241 968 2306 ad
986 2240 1044 2306 hoo
1058 2241 1090 2305 in
1104 2238 1236 2324 singulis
1250 2236 1372 2303 ausibus

133 2345 307 2428 speoialiter
329 2345 574 2430 subdelegandas
597 2345 679 2411 iutra
701 2345 777 2411 lines
800 2364 873 2410 suae
896 2344 1042 2410 dioecesis
1065 2345 1098 2409 et
1119 2363 1174 2428 pro
1195 2361 1290 2428 grege
1311 2340 1371 2423 ipsi

133 2449 295 2515 eommisso
319 2451 365 2514 uti
393 2450 478 2516 lioite
506 2450 538 2514 et
569 2449 665 2516 libere
694 2451 815 2529 valeat,
848 2448 1012 2516 contrariis
1041 2447 1284 2534 quibusdamque
1312 2465 1371 2512 uon

134 2553 338 2620 obstantibus.

237 2657 261 2725 l.
297 2657 487 2742 Iodalpusdi
515 2657 767 2724 ehristilidelibas
790 2658 826 2722 at
846 2657 981 2724 olfioium
1005 2656 1267 2726 administratoris
1288 2653 1370 2719 looo·

133 2780 201 2826 rum
230 2762 349 2845 piorum
382 2762 421 2827 ab
451 2762 616 2846 illegitima
647 2761 832 2828 austeritate
863 2761 908 2827 eie
938 2760 1176 2838 demandatum,
1207 2757 1371 2826 dummodo

134 2863 241 2929 exinde
263 2884 321 2931 non
350 2864 524 2948 requiratur
552 2866 698 2931 adhaesio
727 2866 825 2932 eidem
856 2865 1051 2944 austeritati,
1079 2866 1136 2931 aut
1160 2863 1369 2946 jurameutum

133 2967 293 3034 fidelitatis
320 2967 408 3053 juxta
436 2969 567 3034 formam
590 2970 628 3035 ab
652 2969 757 3034 Mem
781 2970 930 3053 gubernio
954 2968 1158 3053 propositam,
1187 2966 1317 3034 rotinere
1339 2965 1371 3030 et

133 3072 170 3136 de
194 3091 269 3138 novo
292 3090 448 3138 assumere
466 3074 498 3138 et
521 3091 658 3139 exercere
682 3073 766 3139 lieite
787 3073 914 3156 possint,
938 3072 976 3137 ad
999 3073 1142 3138 effoetum
1165 3073 1197 3136 et
1218 3069 1275 3138 sub
1299 3085 1370 3133 oon·

131 3175 246 3242 ditione
268 3175 396 3242 ourandi
418 3176 588 3244 utilitatem
612 3176 746 3244 looorum
767 3177 905 3260 piorum,
931 3177 965 3242 et
986 3174 1164 3242 abstinendi
1186 3172 1308 3248 omuino
1331 3172 1369 3237 ab
1413 3189 1416 3194 ·

131 3279 314 3345 alienatione
337 3281 501 3360 bonorum,
523 3282 554 3346 et
577 3300 647 3348 oum
671 3280 875 3364 dependentia
897 3283 935 3346 ab
958 3279 1121 3347 Ordiuario
1143 3279 1217 3357 looi,
1243 3276 1293 3344 oui
1316 3294 1367 3340 ra-

130 3383 246 3450 tionem
267 3384 394 3449 reddere
412 3387 585 3451 teneantur.
615 3385 709 3451 Porro
725 3385 853 3469 quisque
869 3383 992 3452 ourahit
1006 3383 1187 3452 mandalum
1203 3398 1368 3455 removere,

129 3491 221 3554 eaate
248 3488 476 3554 rmanileetando
505 3489 536 3553 id
569 3507 714 3573 peragere
741 3489 780 3554 de
810 3487 940 3554 lieoatie
965 3487 1143 3572 apostoliea.
1189 3482 1370 3552 ordinarius

134 3610 203 3657 vero
226 3593 258 3657 in
280 3592 548 3660 administratione
567 3594 703 3659 looorum
723 3594 842 3675 piorum
859 3593 978 3676 passive
992 3611 1026 3658 se
1043 3591 1165 3668 habeat,
1190 3588 1370 3670 nullumque

131 3695 278 3780 positivae
309 3697 521 3762 conniventiae
553 3700 770 3780 argumentum
799 3697 940 3781 respeota
972 3695 1114 3780 guberali
1147 3693 1306 3772 exhibeat,
1338 3693 1370 3756 et

129 3799 230 3866 oleam
254 3800 417 3868 dumtaxat
439 3801 466 3866 si
487 3801 581 3869 luerit
601 3801 809 3886 interrogatus
826 3801 1025 3884 respondeat.

234 3902 275 3970 ΙΙ.
306 3903 538 3971 absolvendis
561 3904 697 3970 sensuris
722 3908 755 3970 et
777 3905 881 3988 poenis
904 3900 1123 3970 eeclesiastiois
1144 3899 1292 3967 oilieiales
1313 3919 1368 3984 pu·

131 4007 235 4084 blieos,
259 4008 370 4091 quibus
394 4008 584 4075 demandata
605 4011 653 4074 est
675 4009 813 4074 exeoulio
835 4009 940 4092 legum
959 4025 1050 4090 super
1064 4005 1261 4088 usurpatione
1275 4004 1366 4070 bouo·

128 4131 198 4178 rum
221 4111 411 4196 aliorumque
428 4113 545 4198 jurium
567 4113 604 4178 ad
623 4112 792 4179 Eoolosiam
809 4115 842 4178 et
856 4113 922 4178 looa
938 4111 987 4196 pia
1004 4110 1209 4194 speetantium
1225 4127 1262 4174 ao
1277 4126 1368 4192 super

131 4217 342 4300 suppressione
365 4217 505 4283 ordinum
529 4218 737 4302 regularium,
760 4218 873 4302 quique
902 4216 1015 4282 ideireo
1041 4215 1069 4281 ri
1097 4213 1210 4299 proprii
1232 4212 1368 4280 muneris

130 4320 363 4403 imputabiliter,
384 4321 474 4404 juxla
497 4321 621 4406 regulas
644 4341 663 4388 a
686 4321 823 4405 probatis
846 4321 1023 4388 auctoribus
1041 4319 1176 4386 traditas
1196 4318 1278 4383 oiroa
1301 4316 1364 4382 iur-

129 4425 195 4490 tum
219 4426 251 4490 et
268 4424 418 4508 rapinam,
442 4428 644 4509 cooperantur
664 4424 811 4510 praelatis
834 4424 954 4509 legibus
976 4443 1030 4490 seu
1053 4421 1304 4507 usurpationibus
1320 4420 1367 4486 vel

130 4547 233 4594 earum
256 4528 481 4595 manutentioni
505 4532 559 4595 aut
581 4529 850 4605 consummationi,
874 4528 1020 4614 imposita
1043 4530 1145 4596 umen
1169 4525 1231 4596 illis
1246 4525 1367 4609 obliga-

127 4633 210 4698 tione
240 4631 417 4699 dimittendi
448 4633 584 4700 ollioium
612 4634 661 4702 vel
690 4635 918 4719 quamprimum
942 4632 1117 4700 resurreudi
1140 4631 1177 4698 ad
1201 4649 1226 4696 s.
1252 4629 1362 4696 Poeni-
