3264 4914
244 251 308 322 282
350 273 377 329 8.
398 273 427 328 0.
448 272 537 330 conc.
555 273 600 327 14.
621 271 697 343 Aup.
719 269 792 326 1863
811 270 848 324 da
866 260 928 322 iar.
945 255 1070 336 parocia.
1090 257 1162 322 clrc.
1183 255 1361 321 communit.
1380 255 1436 320 rel.

245 445 374 530 cupiunt
395 465 464 512 enm
487 445 600 510 habore
623 443 787 509 solutorem
811 439 843 504 in
867 439 999 505 articulo
1022 438 1140 504 mortis.
1173 439 1205 504 la
1229 457 1293 504 mos
1314 438 1425 521 ubique
1449 437 1482 500 in
1607 515 1608 518 Ἴ

246 550 351 616 carru
373 550 466 635 viget.
1010 570 1012 573 ·
1607 532 1608 560 ¹

349 653 434 720 XXI.
465 653 512 718 An
543 651 655 717 diuersi
684 649 808 734 parochi
836 649 887 734 Jus
911 647 1045 714 habeant
1068 646 1237 712 reclamare
1259 664 1331 712 suos
1353 644 1483 729 quisque
1607 705 1608 710 ,

245 757 461 842 parochianos,
493 755 545 841 qui
569 754 721 821 decedunt
744 753 776 818 in
807 751 952 836 hospitali
983 750 1036 816 uhi
1059 753 1106 815 est
1126 750 1302 834 capellanus
1325 748 1482 814 licentiam

247 861 361 927 habens
385 861 423 925 ab
447 859 595 943 Episcopo
617 856 792 923 tumulandi
816 856 858 920 ibi
885 854 1055 920 defunctos.
1089 891 1125 902 -
1157 854 1203 919 Ea
1233 851 1359 919 licentia
1389 870 1482 936 gene·
1607 837 1608 928 l

246 964 354 1030 naliter
377 964 415 1029 ab
440 963 595 1047 Episcopis
619 961 795 1028 conceditur
818 960 857 1025 ad
886 959 999 1024 honum
1030 961 1166 1043 regimen
1198 956 1415 1040 hospitalium,
1447 957 1489 1026 ut.
1607 975 1608 978 ¹

246 1068 343 1151 patet,
366 1066 459 1146 nullo,
484 1067 542 1132 nisi
565 1084 625 1131 uno
646 1065 776 1148 parocho
798 1062 1004 1141 reclamante,
1033 1065 1063 1128 et
1086 1061 1325 1159 approbantibus
1348 1059 1482 1125 admini·
1607 1067 1608 1070 ’

246 1170 430 1237 stratoribus
452 1170 660 1254 hospitalium,
683 1168 735 1251 qni
760 1167 845 1233 aliud
869 1166 934 1232 lieri
955 1166 1154 1250 probabiliter
1176 1184 1233 1231 non
1257 1165 1402 1230 sinerent.

350 1274 452 1340 XXII.
485 1275 534 1340 An
562 1272 713 1338 funeralis
741 1271 966 1354 exsequiarum,
994 1288 1072 1354 quae
1094 1269 1173 1336 fiunt
1196 1287 1215 1334 a
1237 1268 1394 1352 capellano
1415 1285 1484 1348 per·

246 1379 367 1444 tineent
391 1379 428 1444 ad
453 1377 617 1463 parochum
641 1377 713 1456 loci,
735 1376 787 1441 ubi
810 1376 904 1441 silum
925 1377 973 1440 est
993 1375 1155 1458 hospitale,
1179 1375 1242 1440 sive
1263 1370 1399 1437 deiuncti
1421 1369 1485 1434 sint

247 1482 295 1546 sui
318 1481 506 1565 parochiani,
533 1482 596 1546 aive
620 1479 760 1545 aliorum.

351 1584 470 1652 XXIII.
503 1584 552 1650 dn
580 1583 631 1668 jus
662 1583 776 1648 habeat
797 1581 948 1666 parochus
970 1582 1111 1667 exigendi
1133 1583 1236 1646 texam
1260 1580 1483 1664 exsequiarum,

169 1717 172 1726 ·
247 1688 359 1772 quibus
388 1689 513 1754 iunctus
542 1689 591 1753 est
616 1686 793 1770 capellanus
824 1685 987 1770 hospitalis
1017 1686 1105 1769 quasi
1136 1693 1277 1769 peractae
1304 1684 1417 1749 luerint
1445 1682 1484 1747 ab

248 1791 314 1874 ipso
336 1792 367 1857 in
391 1791 521 1858 ecclesia
540 1789 718 1875 parochiali.

350 1894 466 1963 XXIV.
491 1896 541 1961 An
561 1894 731 1960 oblationes
748 1897 780 1960 et
794 1894 1004 1981 eleemosynae
1019 1912 1098 1978 quae
1113 1894 1150 1958 de
1167 1911 1249 1960 more
1262 1893 1389 1975 antiquo
1405 1890 1485 1954 finnt

249 1999 281 2064 in
301 1999 429 2083 capellis
450 1999 707 2065 communitatum
733 1999 902 2066 debeantur
925 1999 1067 2083 parocho.
1098 1999 1139 2065 Et
1154 2000 1306 2082 quatenus
1323 1996 1484 2082 negative:

353 2102 450 2170 XXV.
474 2104 523 2169 An
546 2103 697 2187 parochus
715 2103 829 2170 habeat
843 2105 892 2188 jus
908 2123 973 2169 sese
992 2103 1151 2189 ingerendi
1166 2102 1200 2166 in
1217 2100 1485 2167 administratione

250 2207 360 2272 harum
391 2209 538 2291 pecnniae
560 2208 770 2273 collectarum.
793 2244 831 2254 —
856 2207 979 2272 Sincere
999 2207 1135 2290 expositu
1158 2208 1206 2271 est
1226 2205 1379 2271 ordinatio
1402 2203 1482 2268 dioe-

248 2311 327 2376 cesis
346 2311 508 2377 Aturousis
531 2311 570 2376 ad
591 2330 730 2378 normam
754 2312 885 2377 aliarum
908 2311 1028 2378 Galliae
1051 2311 1290 2377 dioeceseon...
1316 2345 1355 2356 -
1376 2309 1484 2373 Nunc:
1607 2349 1608 2362 .

353 2415 466 2481 XXVI.
491 2416 540 2481 An
562 2415 636 2482 talis
657 2416 811 2481 ordinatio
834 2416 877 2480 sit
899 2415 979 2481 ratio
994 2414 1150 2480 sulthens
1165 2417 1202 2479 nt
1216 2413 1367 2497 parochus
1382 2413 1480 2477 inces·
1607 2483 1608 2508 ἶ

249 2519 352 2583 santer
367 2518 533 2602 praedicet,
557 2518 664 2585 doceat
683 2538 714 2584 se
736 2538 801 2584 esse
823 2521 909 2585 extra
932 2538 1020 2584 omne
1040 2518 1101 2602 jus,
1125 2537 1213 2584 auam
1233 2517 1411 2601 parochiam
1431 2535 1484 2598 op-

250 2621 349 2704 primi,
373 2621 490 2688 nnllam
513 2622 723 2688 executionem
745 2641 811 2689 esse
826 2623 931 2688 datam
947 2623 1079 2689 decretis
1097 2621 1127 2690 S.
1144 2621 1342 2686 Tridentinae
1357 2619 1480 2706 Synodi.
1607 2637 1608 2704 v

353 2724 483 2790 XXVII.
512 2725 561 2790 An
587 2725 793 2808 querimonias
816 2726 942 2810 parochi
965 2726 1045 2792 eirca
1067 2727 1141 2791 ficta
1164 2724 1357 2791 incommoda
1379 2721 1483 2788 audire

250 2828 342 2893 debet
366 2828 545 2912 Episcopus,
569 2848 663 2913 quum
688 2829 844 2913 praevidet
866 2829 928 2895 alia
952 2849 1022 2896 vera
1044 2833 1076 2895 et
1097 2829 1205 2914 gravia
1226 2828 1434 2904 incommoda,
1458 2827 1483 2890 si
1607 2881 1608 2884 ,

249 2932 366 2998 faveret
388 2933 659 3000 reclamationibus
682 2935 815 3012 insanis,
840 2933 1003 3014 videlicet,
1025 2935 1179 3019 oppressIo
1201 2933 1429 3018 capellanorum
1453 2935 1484 2996 et

250 3039 479 3102 mansuetarum
504 3037 700 3116 monialium,
727 3057 801 3102 cura
829 3038 970 3121 neglecta
992 3041 1024 3102 et
1045 3037 1234 3103 iusulficIens
1257 3037 1429 3103 animarum
1453 3037 1483 3100 in

249 3141 523 3206 communItatibus
540 3141 729 3225 degentium,
753 3142 890 3207 turbatio
913 3141 1049 3207 fidelium
1072 3142 1177 3224 iniquo
1196 3141 1272 3225 jugo
1292 3145 1482 3220 onustorum,

249 3243 407 3309 derelictio
428 3243 600 3327 religionis,
624 3248 902 3327 sacramentorum,
925 3246 1053 3325 mlesae,
1077 3246 1248 3310 divinorum
1272 3244 1484 3311 officioruma

249 3347 425 3411 christianIs
448 3347 702 3428 indifferentibus,
725 3369 801 3434 qnos
823 3349 962 3415 videmus
977 3352 1042 3415 tam
1060 3369 1235 3416 numerosos
1251 3350 1281 3414 in
1301 3349 1350 3416 hta
1368 3350 1485 3415 miseris

250 3450 449 3533 temporibus,
473 3453 543 3530 etc,
568 3453 626 3518 eto.
1607 3513 1608 3524 ,

354 3553 500 3620 XXVIII.
526 3557 572 3619 An
589 3555 707 3638 possint
723 3556 846 3639 parochi
862 3559 932 3621 tuta
946 3557 1132 3622 conscientia
1146 3575 1179 3622 se
1194 3556 1320 3640 pacifice
1334 3556 1484 3642 subjicere
1607 3537 1608 3616 i

250 3655 435 3722 ordinationi
457 3659 631 3742 praesenti,
659 3659 753 3723 donec
776 3659 859 3724 aliud
883 3659 998 3726 Sancta
1018 3659 1110 3726 Sedes
1133 3663 1270 3726 subruere
1290 3661 1483 3745 judicaverit
1607 3679 1608 3712 u

353 3761 469 3829 XXIX.
502 3765 550 3828 ha
573 3763 806 3845 vituperandus,
840 3765 900 3830 imo
928 3765 1098 3848 puniendus
1127 3765 1170 3831 sit
1197 3765 1235 3830 ab
1260 3765 1406 3849 Episcopo
1429 3784 1485 3847 pa·

250 3864 376 3943 rochus,
397 3867 451 3948 qui
473 3867 511 3932 ad
533 3867 716 3950 potestatem
740 3869 859 3933 civilem
883 3869 1027 3949 recurrit,
1053 3872 1089 3934 ut
1111 3869 1141 3935 vi
1165 3869 1351 3935 claudantur
1373 3869 1484 3953 populo

251 3969 330 4032 loros
352 3970 537 4052 capellarum
554 3970 746 4055 publicarum
765 3975 796 4037 et
812 3972 932 4039 decreto
950 3972 1083 4038 Ministri
1099 3973 1304 4039 relormentur
1317 3973 1485 4039 decisiones

252 4071 402 4156 Episcopi,
427 4075 462 4138 ut
485 4074 550 4140 sola
572 4075 694 4158 parochi
719 4077 863 4142 voluntas
886 4075 1071 4159 praevaleat.

355 4175 453 4244 XXX.
482 4178 529 4241 hn
556 4178 760 4246 confessarius
790 4181 886 4264 possit
909 4180 1065 4247 absolvere
1087 4181 1254 4262 parochum
1278 4182 1433 4248 nolentem
1453 4203 1486 4248 se

250 4277 402 4362 subjicere
432 4280 504 4346 huic
525 4282 710 4350 ordinationi
734 4285 889 4369 generali,
921 4286 1002 4349 omni
1039 4285 1128 4350 modo
1162 4289 1323 4352 conantem
1358 4288 1487 4353 lucitare
1607 4277 1608 4290 ἶ

252 4382 329 4447 alios
352 4383 390 4448 ad
414 4385 664 4467 inobedientiam,
687 4388 816 4472 denique
839 4389 1033 4454 resistentem
1053 4390 1188 4470 monitis,
1211 4392 1363 4474 precibus,
1387 4392 1487 4477 lacry-

253 4487 311 4549 mis
334 4487 474 4569 Episcopi
498 4488 595 4554 EIInm
618 4492 771 4556 errantem
795 4493 827 4558 et
849 4493 1028 4558 induratum
1051 4493 1197 4579 lugentis.

354 4591 467 4658 XXXI.
494 4593 540 4656 hu
557 4594 714 4661 exhaustis
729 4597 869 4663 omnibns
885 4597 983 4663 modis
999 4599 1200 4682 suavioribus,
1223 4601 1384 4666 incumbat
1399 4599 1487 4686 Epis·
1607 4647 1608 4696 ,
