3200 4916
141 267 168 322 S.
189 269 281 322 Poen.
299 282 350 336 ap.
369 267 453 320 eirca
470 265 533 320 aba.
551 279 629 330 eom,
649 266 703 334 qni
722 265 803 322 bona
823 279 842 317 a
860 261 988 332 poton.
1007 260 1077 316 Ital
1096 275 1138 316 er.
1156 263 1273 330 arpalo.
1313 239 1374 308 441

243 437 333 520 Quod
354 437 383 501 si
404 434 606 517 apretiatac
626 456 767 502 summe
789 435 971 516 pertineant
998 432 1041 498 od
1071 451 1198 498 cansam
1217 431 1310 514 piam
1328 431 1377 497 al·

139 545 237 609 terias
259 541 416 616 dioecesis,
440 540 699 606 transmittendae
720 545 813 604 munt
831 537 875 604 ad
898 537 1033 620 passion
1056 535 1274 602 ordinariam.

242 643 279 710 Si
300 644 424 710 eaedem
437 645 616 724 pertineant
637 643 681 708 aa
702 642 872 726 relcpiosos,
894 641 1076 722 requiritur,
1098 644 1134 704 at
1147 639 1192 704 eis
1206 638 1294 707 bodi
1302 657 1377 719 pos·

141 750 214 825 sint,
239 750 330 814 uenia
352 747 384 814 S.
405 746 496 812 Sectis
518 748 553 811 in
574 747 709 831 simpatis
731 747 863 812 cambra.

245 851 335 934 Quod
356 853 385 917 si
408 873 547 919 summae
568 857 743 932 spectarent
765 849 808 915 od
826 869 955 914 eausam
964 849 1057 929 piam
1064 845 1135 928 jan
1149 847 1317 920 extinctam
1331 844 1377 910 oet

141 957 185 1022 ad
206 957 382 1033 eremmon,
413 959 450 1022 in
478 978 541 1039 aaa
570 957 679 1022 dimna
702 955 807 1037 officia
828 953 966 1034 amplias
988 949 1137 1018 celebrari
1159 969 1221 1020 non
1239 947 1375 1023 adeant,

143 1061 336 1126 ordinarias
357 1061 502 1143 ipsarum
518 1063 638 1142 tonnas
657 1058 818 1140 impendat
841 1057 876 1122 in
897 1057 1008 1122 tonum
1023 1054 1154 1120 atterius
1168 1072 1282 1118 comae
1290 1051 1377 1133 piae,

137 1165 326 1244 praesertim
342 1162 557 1241 crematarum,
571 1163 826 1246 presbyterorum
841 1165 869 1226 et
884 1160 1066 1225 clericorum
1076 1177 1264 1239 pauperum,
1282 1160 1379 1236 prout
1445 1167 1448 1174 ⁴

143 1268 255 1332 metiris
276 1269 309 1330 in
334 1265 469 1332 Domino
484 1267 682 1349 indicaverit,
707 1265 867 1332 celebratis
889 1269 991 1330 tamen
1011 1263 1119 1330 nam
1135 1266 1169 1332 a
1184 1260 1293 1326 ceteris
1303 1279 1377 1340 per·

143 1371 254 1436 solatis
273 1369 451 1453 mffrapiis,
474 1371 504 1435 si
526 1390 604 1450 qaae
620 1369 790 1450 praefinita
811 1367 938 1449 suerint.

248 1473 297 1538 13.
325 1509 361 1520 —
385 1472 475 1537 Circa
498 1472 608 1538 landos
631 1492 700 1537 sero
722 1490 775 1538 seu
802 1471 886 1553 jura,
918 1489 1045 1555 quoram
1079 1469 1162 1532 valor
1185 1467 1303 1532 excedit
1321 1466 1376 1531 tri·

144 1578 232 1662 ginta
254 1577 427 1642 libellarum
451 1576 566 1654 millia,
599 1576 813 1673 recurrendum
844 1575 903 1639 erit
931 1573 968 1639 ad
1001 1572 1030 1640 S.
1058 1572 1167 1638 Sedena
1193 1571 1225 1636 in
1248 1569 1379 1654 singulis

142 1683 273 1748 casibus.

248 1784 298 1848 14.
322 1819 362 1830 -
388 1782 581 1850 ordinarias
602 1791 723 1850 monem
745 1781 955 1864 confessarios
977 1787 1020 1859 nt,
1039 1783 1069 1846 si
1086 1779 1330 1862 aspernamus
1344 1779 1380 1844 in

140 1888 281 1972 periculo
304 1888 415 1952 mortis
437 1889 616 1952 constitutos
638 1893 666 1950 et
686 1889 720 1950 in
742 1886 928 1966 praemissis
943 1883 1114 1966 culpabiles
1128 1887 1281 1956 maome,
1298 1901 1380 1962 pra-

143 1992 250 2057 deater
266 1991 517 2072 ,compositionem
536 1996 681 2071 nrpeant:
705 1989 786 2073 qnod
806 1991 837 2054 si
851 1989 927 2056 liaeo
942 1988 1073 2054 obtineri
1085 1990 1224 2068 nequeat,
1244 1984 1291 2050 oet
1306 1984 1380 2066 qaia

145 2103 265 2178 tempas
291 2116 353 2161 non
384 2096 535 2176 suppetit,
569 2095 614 2160 eet
644 2096 680 2161 ob
708 2095 792 2160 alias
820 2092 1023 2159 rationabiles
1053 2111 1184 2167 consus,
1215 2090 1296 2157 satis
1322 2089 1381 2153 erit

145 2205 286 2283 aeprotas
307 2220 376 2265 eam
397 2198 560 2265 taedians
582 2199 737 2280 imponat,
768 2198 815 2264 oet
844 2198 927 2261 serio
943 2196 1110 2278 promittat
1130 2215 1199 2259 cam
1219 2191 1381 2267 inituram,

144 2304 173 2368 si
195 2303 401 2380 convaluerit,
424 2307 538 2368 remoto
560 2301 718 2368 scandolo.
1442 2307 1445 2314 '

252 2407 302 2472 15.
319 2443 362 2453 —
382 2404 576 2472 ordinarias
592 2407 793 2488 confessariis
809 2406 870 2471 sibi
886 2405 1046 2481 beneoisis,
1062 2409 1195 2484 tempore
1209 2399 1380 2484 qnadrape·

144 2513 225 2577 sima
251 2560 259 2589 ,
282 2511 330 2575 ael
353 2529 520 2576 sacrarum
541 2511 739 2588 missionum,
760 2510 807 2574 oet
829 2514 954 2592 nrpmte
971 2507 1120 2590 paschati
1136 2509 1309 2588 praecepto,
1329 2503 1383 2584 ta·

147 2616 289 2681 aeltatem
318 2613 482 2680 concedere
504 2615 621 2695 poterit
642 2613 821 2680 absolventi
842 2633 907 2692 eos,
931 2613 986 2695 oni
1008 2610 1256 2693 compositionem
1278 2609 1384 2674 statim

146 2722 230 2785 inire
259 2725 428 2800 nequeant,
471 2718 635 2784 dermmocto
671 2719 766 2784 iidem
799 2719 881 2784 serio
904 2717 1091 2800 prornittant
1123 2735 1156 2782 se
1185 2715 1273 2779 irttra
1305 2712 1384 2778 dnos

145 2843 264 2890 menses
294 2824 334 2888 ab
366 2829 491 2904 accepta
521 2821 711 2889 obsoletiore
735 2841 897 2888 recursum
925 2821 1087 2887 tabitmos
1109 2820 1153 2884 ad
1175 2817 1385 2884 ordinariam

143 2948 206 3009 pro
226 2927 395 2992 obtinendo
415 2927 638 3007 compositione,
662 2933 776 2992 remoto
797 2927 924 2990 interim
945 2923 1104 2990 mandato.

252 3029 423 3095 Contrariis
444 3030 686 3114 quibuscumque
710 3049 768 3094 non
792 3027 995 3093 obstantibus.

251 3134 365 3199 Datum
389 3135 504 3200 Reuss
526 3135 555 3198 in
579 3153 666 3198 sacra
690 3133 941 3208 Paenitentiaria,
964 3131 1014 3196 die
1037 3130 1076 3194 15
1097 3129 1204 3213 aprilis
1228 3128 1321 3195 lssa.

667 3236 706 3302 N.
730 3237 934 3313 Aoerardias,
958 3233 988 3301 S.
1014 3235 1047 3301 P.
1073 3235 1203 3318 Regius.

740 3341 776 3406 A.
801 3341 873 3406 Gan.
898 3339 1048 3416 Martini,
1071 3337 1102 3405 S.
1123 3337 1155 3405 0.
1179 3337 1310 3406 Secrius.

150 3507 179 3567 4.
203 3501 312 3567 Nouae
319 3499 486 3582 facultates
499 3521 519 3564 a
532 3518 625 3565 saara
642 3498 761 3564 Poenit.
774 3503 872 3581 apost.
884 3497 970 3562 eirca
981 3496 1110 3562 eandm
1120 3515 1187 3561 rem
1198 3515 1385 3562 concmssac.

411 3637 594 3702 Beatissimo
619 3637 721 3716 Pater,

251 3760 471 3842 Intrascriptus
496 3759 664 3842 Episcopus
688 3757 914 3836 Conversanus,
946 3759 981 3822 ut
1007 3758 1076 3821 tuto
1096 3774 1128 3821 sa
1151 3774 1257 3839 gerere
1280 3755 1385 3840 possit,

149 3885 168 3930 a
187 3865 362 3932 Sanctitate
386 3864 497 3928 Vestra
519 3863 605 3927 enixe
623 3863 769 3946 implorat
789 3861 971 3926 solutionem
996 3860 1189 3943 sequentium
1213 3859 1386 3937 dubiorum,

149 3969 248 4054 quoad
271 3969 438 4034 facultates
457 3968 539 4033 circa
563 3966 819 4048 compositiones:

253 4073 277 4138 l.
307 4107 349 4118 -
381 4073 428 4136 An
450 4072 482 4135 in
507 4069 672 4152 praedictis
696 4069 898 4134 facultatibus
924 4067 1222 4150 comprehendantur
1250 4069 1307 4134 sub
1331 4088 1383 4135 uo·

150 4177 231 4242 mine
253 4176 425 4260 legatomm
457 4174 575 4257 piorum
609 4192 687 4256 quae
717 4172 879 4237 allraucari
908 4175 1050 4254 possunt,
1081 4171 1154 4237 illae
1184 4173 1387 4257 obligationes

150 4281 317 4346 familiares
346 4279 427 4344 circa
454 4279 567 4344 Missas
598 4279 760 4361 perpetuas
795 4276 893 4342 aliaue
927 4295 1019 4359 opera
1049 4276 1117 4360 pia,
1150 4294 1228 4359 quae
1263 4276 1387 4342 cetariis

151 4384 268 4450 ltalicis
291 4383 412 4467 legibus
435 4402 493 4447 non
518 4381 743 4466 subjiciuntur3
767 4382 798 4445 in
818 4381 899 4446 bunc
914 4382 1036 4446 tantum
1055 4380 1146 4446 fluam
1163 4381 1199 4444 ut
1216 4381 1387 4446 liberentur

150 4487 286 4553 familiae
299 4489 336 4552 iis
347 4487 498 4567 oneribus,
514 4507 591 4571 quas
604 4487 704 4553 lorsan
718 4507 736 4551 a
748 4487 974 4554 successoribus
986 4485 1184 4570 adimplenda
1195 4505 1253 4552 non
1267 4485 1387 4555 forent?

255 4593 293 4656 ll.
320 4629 358 4640 -
384 4595 431 4657 aa
454 4593 656 4658 extendantur
678 4592 795 4675 pariter
815 4592 916 4658 dictae
934 4591 1099 4660 facultates
1115 4589 1153 4658 ad
1169 4609 1230 4669 eos,
1255 4590 1307 4674 qui
1323 4589 1387 4660 uol-
