3200 4916
827 794 887 876 lll.

484 951 635 1032 tecnon
662 951 968 1052 concrepationem
996 949 1234 1032 llonranarurn.

661 1147 690 1208 1.
735 1141 769 1206 s.
792 1139 906 1224 coep.
929 1139 1062 1206 recem.

402 1269 500 1324 Forma
517 1269 656 1324 facultatis
675 1269 804 1339 episcopie
822 1283 960 1323 concessae
977 1268 1047 1324 circe
1064 1268 1148 1323 libros
1165 1267 1324 1338 prohibitos.

569 1389 669 1460 (Berua
687 1389 734 1445 des
752 1389 846 1444 scienc.
865 1389 928 1443 dccl.
949 1389 1015 1444 1892
1033 1406 1059 1458 p.
1076 1387 1148 1458 482).

447 1511 538 1576 Illme
562 1530 597 1577 ec
619 1512 736 1577 Revme
761 1511 901 1590 Domine,

345 1640 498 1705 llxhibitis
530 1660 582 1723 per
612 1660 661 1706 me
696 1641 925 1724 infrascriptum
961 1640 991 1707 S.
1027 1639 1141 1708 Indicis
1175 1639 1437 1723 Congregationis
1475 1662 1492 1706 a

242 1744 372 1810 Sacratis
407 1742 457 1808 SS.
491 1743 620 1810 Domino
655 1745 768 1810 Nostro
802 1745 894 1810 Leoni
927 1745 986 1811 PP.
1018 1743 1107 1808 llllL
1138 1741 1248 1808 Illmae
1280 1745 1492 1810 Reverentiae

242 1849 328 1912 Tuae
349 1847 498 1930 precibus,
522 1848 633 1932 qruibus
656 1848 840 1914 facultatem
861 1847 1059 1932 permittendi
1082 1846 1255 1914 dioeceseos
1278 1847 1364 1913 'luae
1390 1847 1488 1915 cbri-

241 1951 427 2018 atifidelibus
451 1953 614 2018 vetitorum
638 1953 677 2019 ab
697 1953 875 2037 Apostolica
889 1951 967 2019 Sede
982 1952 1130 2016 librorum
1145 1952 1308 2018 lectionem
1322 1953 1489 2036 imploras,

242 2054 397 2120 Sanctitas
421 2053 484 2121 Sua
506 2055 665 2140 religioni,
690 2056 865 2134 doctrinae,
897 2075 933 2121 ac
957 2055 1139 2140 prudentiae
1163 2055 1247 2121 Tuae
1269 2055 1351 2120 harad
1373 2076 1488 2139 parum

242 2159 395 2225 conlidens
423 2179 482 2244 quo
508 2160 624 2226 cautim
654 2180 780 2244 nempe,
816 2179 853 2226 ac
882 2159 983 2244 probis
1011 2160 1173 2225 dumtaxat
1195 2160 1384 2243 eruditisque
1409 2161 1489 2225 uiris
1578 2145 1579 2158 ἒ

243 2264 470 2347 permissionem
495 2264 669 2330 huiusmodi
689 2264 853 2348 largiaris,
885 2265 942 2330 sub
965 2264 1015 2330 die
1034 2317 1042 2333 .
1059 2313 1092 2332 ..
1117 2263 1248 2349 benigne
1277 2264 1489 2354 aenuit‚·in·

241 2368 396 2452 dnlsitqne
419 2371 588 2452 propterea,
612 2373 647 2434 ut
668 2368 754 2452 justa
777 2369 982 2452 rationalique
1005 2369 1045 2433 de
1066 2387 1161 2433 causa
1183 2368 1348 2434 concedere
1366 2369 1485 2450 possis:
1578 2403 1579 2444 ,

346 2473 378 2536 1⁰
403 2472 593 2556 Presbyteris
612 2471 744 2556 aliisque
763 2472 981 2539 ecclesiasticis
998 2473 1072 2538 viris
1088 2471 1247 2538 licentiam
1263 2473 1328 2536 tum
1346 2471 1485 2556 legendi,

241 2579 308 2640 tum
330 2575 413 2658 apud
435 2593 467 2640 so
495 2575 651 2641 retinendi
679 2575 780 2660 quoad
813 2576 962 2654 vixerint,
995 2576 1052 2640 sub
1083 2575 1224 2642 custodia
1253 2579 1357 2640 tamen
1378 2595 1417 2640 ne
1444 2577 1483 2640 ad

241 2678 373 2744 aliorum
396 2697 503 2744 manus
527 2680 723 2762 perveniant,
754 2681 849 2746 libros
878 2699 1085 2765 quoscumque
1115 2679 1285 2763 prohibitos
1309 2679 1346 2743 de
1369 2699 1401 2742 re
1426 2680 1482 2744 lit·
1578 2735 1579 2764 ,

241 2782 365 2861 teretia,
385 2782 609 2866 philosophica,
629 2783 815 2869 theologica,
838 2786 869 2850 et
893 2785 930 2850 de
947 2787 1076 2868 utroque
1093 2783 1180 2868 jure;
1204 2783 1485 2866 praestantioribus
1578 2829 1579 2856 ,

241 2888 344 2953 autem
365 2886 446 2951 inter
468 2904 519 2952 ecs
541 2887 672 2966 litteris,
705 2889 821 2971 pietate
852 2907 888 2954 ac
919 2888 990 2952 fidei
1013 2889 1095 2966 zelo,
1125 2887 1220 2952 libros
1250 2887 1346 2952 etlam
1369 2887 1423 2968 qni
1449 2907 1485 2951 ex

242 2990 375 3075 professo
390 2993 498 3057 contra
514 2991 705 3076 Religionem
722 2995 922 3076 pertractant,
946 2992 1094 3076 legendos
1114 2991 1288 3075 permittas,
1314 3009 1484 3074 numquam

242 3114 311 3162 uero
333 3095 386 3179 qui
408 3096 481 3160 dala
501 3113 593 3178 opera
615 3095 653 3161 de
674 3097 831 3162 obscoenis
851 3097 1016 3162 disserunt.
1070 3093 1170 3176 Quam
1199 3094 1381 3160 facultatem
1410 3094 1482 3158 Tibi

241 3199 386 3282 largitam
409 3197 523 3265 SSmus
546 3198 584 3264 D.
608 3199 665 3277 n,
694 3199 802 3265 habita
828 3202 1001 3283 temporum
1030 3198 1165 3277 ratione,
1193 3197 1331 3264 extendit
1353 3198 1483 3281 puriter,

241 3302 284 3368 Te
306 3303 337 3368 in
362 3301 492 3368 Domino
515 3303 671 3386 probante
686 3322 723 3368 ac
745 3303 961 3387 permittente,
985 3303 1024 3367 ad
1047 3303 1141 3368 laicos
1164 3300 1399 3380 christifideles,
1425 3303 1484 3367 sub

240 3406 348 3471 iisdem
373 3405 515 3471 videlicet
544 3406 769 3474 conditionibus
791 3411 823 3474 et
841 3407 1005 3485 clausulis,
1036 3406 1073 3472 de
1103 3407 1216 3490 quibus
1239 3408 1288 3471 est
1310 3406 1429 3471 mentio
1452 3409 1483 3470 ln
1578 3407 1579 3480 l

242 3509 419 3594 apostolico
439 3509 577 3594 ejusdem
600 3511 772 3594 Rescripta.
1578 3505 1579 3510 ’

343 3615 379 3679 2⁰
407 3613 449 3680 Ut
479 3613 519 3678 iis
549 3615 601 3699 qui
627 3615 673 3681 rei
695 3615 930 3699 diplomaticae,
961 3618 1030 3680 tum
1049 3613 1130 3698 juris
1153 3613 1314 3698 utriusque
1337 3612 1484 3678 facultati

240 3721 296 3784 aut
306 3720 452 3797 modicae,
468 3719 654 3804 cbiurgicae,
672 3720 938 3803 pharmaceuticum
952 3718 1134 3801 discipliuae
1145 3719 1339 3794 incumbunt,
1358 3721 1483 3801 praeter

242 3823 354 3890 vetitas
376 3823 415 3888 de
437 3843 469 3888 ra
492 3823 653 3900 litteraria,
678 3826 710 3888 et
731 3823 942 3907 philosophica
959 3821 1195 3900 lucubrationes,
1218 3821 1339 3905 propria
1354 3822 1482 3904 insuper

241 3927 420 4010 disciplinae
443 3927 492 3990 cui
517 3929 627 3992 vacant
651 3927 735 3991 edita
764 3929 879 4010 scripta
906 3927 1027 4012 legendi
1056 3909 1269 4009 retinendique
1296 3926 1482 3990 facultatem

242 4031 399 4114 impertire
422 4049 526 4114 queas.

345 4135 381 4198 3⁰
402 4134 536 4217 llpbebis
551 4155 670 4220 quoque
688 4136 876 4218 linguarum,
892 4153 945 4200 scu
961 4133 1167 4211 orientalium,
1185 4151 1239 4198 seu
1258 4133 1484 4198 neotericarurn

240 4238 342 4303 studio
363 4238 480 4303 addicti
500 4238 664 4305 lexicorum
688 4243 720 4304 et
742 4239 1030 4304 commentariorum
1051 4237 1090 4302 ad
1106 4256 1144 4304 ea
1157 4237 1308 4302 idiomata
1325 4235 1485 4319 pcrtinen-

241 4343 318 4407 tium
343 4341 504 4407 lectionem
529 4343 707 4426 permittere
733 4343 846 4409 valeas.

343 4444 429 4526 Quae
451 4446 574 4529 quidem
598 4449 701 4512 omnia
724 4447 762 4511 ad
786 4447 920 4511 mentem
944 4445 1128 4510 Sanctitatis
1148 4443 1228 4510 Suae
1243 4443 1313 4508 'libi
1329 4443 1370 4508 ad
1386 4444 1485 4508 trien·

242 4549 325 4613 nium
349 4550 480 4632 benigne
502 4549 636 4626 indulta,
657 4551 713 4613 snb
738 4551 795 4614 bac
816 4548 1016 4614 nihilominus
1039 4548 1119 4632 lege,
1144 4567 1198 4612 ncc
1220 4547 1312 4612 aliter
1335 4547 1485 4624 valitura,

241 4652 277 4715 ut
297 4652 334 4717 ab
357 4651 462 4716 ecdem
486 4649 539 4717 SS.
561 4650 598 4718 D.
624 4651 662 4719 N.
686 4653 837 4718 sancitum
863 4655 921 4728 est,
946 4651 1108 4716 videlicet:
