3220 4906
230 275 328 332 iodea
345 277 519 345 indulgeret.
538 279 566 331 ct
583 279 664 346 priv.
684 291 804 332 consor.
823 293 846 332 a.
863 276 1006 340 familiae
1025 276 1270 332 tribuendorum.
1311 257 1373 324 317

135 453 170 516 ut
194 449 335 516 mortalis
357 469 430 515 suae
453 449 533 514 vitae
556 451 693 532 tempore
723 449 756 514 in
786 450 845 514 Tui
875 450 1019 535 obsequio
1049 453 1080 516 et
1111 470 1213 516 amore
1242 449 1375 516 iideliter

135 555 307 632 inhaerens,
332 555 432 619 valeat
456 554 581 618 tandmn
606 557 746 619 aeternas
771 555 829 618 tibi
853 555 960 620 laudes
984 556 1154 638 persolvere
1177 556 1209 619 in
1234 554 1338 620 caelia.

238 658 264 725 O
287 658 396 738 biacia,
422 657 523 724 Mater
540 658 728 735 dulcissima,
752 662 839 724 tuum
859 660 1047 741 praesidium
1064 659 1275 742 imploramus,
1298 658 1373 722 certi

134 762 273 828 divinum
297 765 384 828 tuum
410 763 610 846 Unigenitum
634 763 774 844 precibus
796 765 858 828 tuis
882 764 1110 828 obsecuturum.

238 867 344 950 Tuque
367 867 480 938 etiam,
512 866 732 950 gloriosissime
758 866 940 931 Patriarcba
963 869 1068 932 sancte
1092 866 1227 949 Josepb,
1257 866 1373 949 potenti

133 973 188 1035 tuo
211 971 380 1053 patrocinio
404 971 490 1034 nobis
513 988 672 1046 succurre,
706 971 737 1034 et
770 970 885 1036 liariae
914 971 1055 1034 manibus
1078 973 1149 1050 vota
1172 975 1275 1036 nostra
1298 968 1373 1034 Jesu

135 1073 258 1139 Obristo
277 1074 463 1156 porrigenda
484 1075 642 1140 submitte.

236 1177 268 1242 Si
290 1197 361 1242 vero
384 1178 519 1255 sodales,
552 1178 603 1260 qui
636 1177 682 1241 vel
710 1177 910 1254 infirmitate,
942 1179 989 1242 vei
1019 1179 1081 1244 alia
1103 1197 1208 1242 caussa
1232 1177 1373 1260 impediti

135 1282 213 1345 banc
236 1280 412 1346 Orationem
436 1281 565 1345 recitare
597 1281 806 1364 nequiverint,
841 1283 966 1346 eandem
1002 1281 1227 1366 indulgentiam
1259 1282 1371 1345 lucrari

135 1387 294 1466 poterunt,
323 1385 348 1448 ai
372 1385 481 1449 devote
503 1385 663 1468 quinquies
687 1385 885 1449 recitaverint
908 1384 1085 1450 Orationem
1113 1386 1317 1460 dominicam,
1342 1387 1373 1448 et

133 1487 349 1552 salutationem
373 1488 555 1571 Angelicam
580 1507 649 1552 cum
675 1489 788 1554 (ilerda
811 1489 910 1555 Patri.

238 1592 293 1659 lii.
330 1592 539 1657 Ducantorum
569 1592 688 1656 dierum
719 1592 949 1675 indulgentiam
979 1592 1100 1658 sodales
1132 1592 1371 1658 consociationis

131 1699 355 1780 consequantur
377 1697 470 1760 semei
494 1698 525 1760 in
549 1696 607 1774 die,
631 1696 657 1760 si
681 1696 878 1762 iaculatorias
898 1716 1001 1778 preces
1016 1716 1208 1781 quocumque
1226 1697 1372 1762 idiomate

132 1800 296 1866 effuderint
318 1803 354 1865 ut
376 1800 474 1866 infra:

235 1902 333 1984 ossa,
371 1904 487 1982 Maria,
518 1905 672 1988 Oiuseppe
703 1905 924 1983 illuminateci,
959 1905 1177 1981 soccorreteci,
1213 1906 1371 1972 salvateci.

132 2007 202 2073 Oosi
225 2009 280 2072 sia.

238 2111 287 2176 iV.
327 2112 458 2177 Ocnturn
498 2114 618 2178 dierum
656 2112 881 2196 indulgentiam
916 2112 1113 2177 lucrifaciant
1144 2113 1281 2190 sodales,
1319 2113 1371 2196 qui

131 2234 253 2300 operam
280 2216 438 2292 dederint,
472 2219 508 2280 ut
539 2217 733 2282 Christianae
764 2217 911 2282 Familiae
942 2217 1014 2281 huic
1045 2217 1111 2300 piae
1142 2221 1173 2282 et
1205 2217 1370 2282 universali

131 2318 353 2385 Consociationi
377 2339 443 2386 sese
467 2321 655 2387 adscribant.

236 2425 271 2488 V.
307 2424 538 2507 indulgentiam
561 2425 721 2508 sexaginta
743 2425 862 2490 dierum
887 2424 1044 2490 lucrentur
1077 2426 1217 2503 sodales,
1249 2425 1370 2508 quoties

131 2525 180 2591 bi:
209 2528 251 2593 1⁰.
274 2528 305 2592 in
330 2529 466 2594 Ecclesia
489 2529 677 2606 Parochiaii,
703 2529 733 2593 in
757 2549 819 2612 qua
841 2529 944 2594 sedem
970 2529 1064 2594 habet
1088 2529 1298 2604 Consecutio,
1321 2549 1370 2592 sa-

129 2635 286 2697 crosancto
310 2632 423 2697 Missae
444 2633 604 2711 sacrificio,
627 2634 758 2717 aliisque
780 2633 892 2698 divinis
912 2633 1021 2698 oiiiciis
1045 2634 1151 2698 devote
1173 2633 1369 2699 adstiterint:

130 2737 175 2800 2⁰.
199 2735 247 2799 vel
267 2735 427 2819 quinquies
452 2737 649 2802 recitaverint
679 2737 857 2802 Orationem
889 2737 1074 2803 dominicam
1096 2741 1127 2802 et
1151 2737 1368 2802 salutationem

130 2839 311 2922 Angelicam
334 2858 388 2923 pro
409 2840 566 2905 sodalibus
586 2841 757 2905 defunctis:
782 2843 826 2905 3⁰.
851 2842 897 2905 vel
920 2842 1110 2906 familiarum
1133 2841 1262 2907 dissidia
1285 2860 1368 2907 cour·

130 2944 303 3025 posuerint,
336 2945 382 3010 vel
414 2945 621 3026 componenda
652 2945 846 3012 curaverint:
876 2948 922 3009 4⁰.
946 2947 992 3010 vel
1019 2945 1164 3010 Familias
1188 2965 1206 3009 a
1228 2946 1369 3010 iustitiae

129 3048 255 3112 tramite
278 3047 398 3126 devias,
432 3050 461 3112 in
484 3050 566 3112 viam
589 3049 699 3112 salutis
724 3049 866 3112 reducere
890 3050 1086 3116 studuerint:
1120 3049 1165 3112 5⁰.
1190 3049 1236 3112 vei
1261 3068 1368 3131 pucros

127 3152 191 3216 sive
214 3151 331 3234 puellas
355 3152 533 3216 christianis
562 3153 732 3235 praeceptis
762 3153 898 3217 imbuere
922 3153 1108 3236 sategerint:
1141 3153 1185 3218 60.
1212 3153 1259 3215 vei
1284 3152 1368 3216 aliud

127 3256 338 3339 quodcumque
350 3256 434 3338 pium
448 3275 522 3338 opus
536 3256 719 3338 peregerint,
738 3257 819 3339 qnod
837 3258 868 3319 in
885 3257 995 3321 bonurn
1013 3257 1255 3322 Consociationis
1268 3257 1368 3322 cedat.

230 3359 403 3434 Sodalibus,
425 3361 452 3424 si
476 3360 650 3437 maluerint,
679 3361 820 3424 omnibus
844 3363 874 3424 et
896 3361 1026 3443 singuiis
1049 3361 1254 3445 indulgentiis
1278 3381 1369 3444 supra

126 3462 218 3527 dictis
241 3463 304 3528 sive
327 3464 489 3546 plenariis,
524 3464 587 3528 sive
619 3463 802 3547 partialibus
837 3465 921 3529 labes
952 3484 1124 3549 poenasque
1153 3465 1366 3530 defunctorum

128 3566 249 3649 expiare
272 3567 376 3636 liceat.

655 3759 838 3844 Prirrilcpic.

530 3887 596 3954 Pro
618 3889 779 3956 sodalibus
800 3890 966 3956 colossis.

233 4016 361 4095 Missae,
402 4036 480 4100 quae
514 4037 566 4100 pro
599 4019 756 4083 sodalibus
793 4020 946 4085 defunctis
983 4038 1173 4103 quocumque
1208 4021 1239 4083 in
1274 4019 1368 4085 altari

127 4119 371 4198 celebrabantur,
393 4120 502 4185 iisdem
524 4122 733 4206 suffragentur
755 4144 791 4189 ac
814 4125 839 4188 si
863 4125 892 4188 in
917 4123 1009 4188 altari
1030 4124 1268 4189 celebrarentur.

624 4279 688 4345 Pro
713 4279 874 4345 Pcrocbis.

230 4397 270 4462 l⁰.
297 4397 497 4481 Privilagium
521 4401 630 4465 altaria
654 4401 821 4482 personalis
844 4403 944 4466 tribus
964 4403 997 4469 iu
1017 4402 1157 4485 qnalibet
1174 4401 1367 4466 hebdomada

127 4499 251 4577 diebus:
273 4502 438 4566 dummodo
459 4503 552 4568 simili
577 4503 740 4586 privilegio
765 4504 886 4570 alinde
910 4525 1019 4572 caussa
1039 4525 1097 4572 non
1123 4505 1328 4588 perimantur.

231 4605 285 4670 ll⁰.
310 4605 453 4670 Facultas
475 4607 673 4674 benedicendi
695 4611 781 4674 entra
799 4609 910 4676 Urbem
929 4611 1069 4687 Coronas,
1089 4609 1223 4688 Rosaria,
1244 4610 1365 4686 Cruces,
