3220 4906
710 605 844 686 ιιιιι.

189 743 257 824 un
285 743 345 826 rr.
373 745 449 826 ιιιι.
476 747 530 826 ιι.
556 725 606 828 io.
633 746 692 826 nr
719 743 811 824 aar
838 746 882 826 n
909 744 1157 846 cnrnnmm
1184 743 1354 828 niumm.

161 915 393 983 Venerabiliter
410 919 565 1002 fratribus
587 917 833 999 archiepiscopis
855 920 884 983 et
906 917 1079 1000 Hispania,
1104 917 1203 983 Italic
1219 923 1247 984 ct
1261 925 1393 1002 raroque

690 1021 849 1087 Ammine.

229 1151 426 1216 Venerabiles
452 1151 583 1229 Fratres,
607 1151 746 1215 Salutem
771 1153 802 1215 et
826 1151 1035 1233 Apostolicam
1062 1149 1321 1218 Benedictionem.

257 1279 374 1360 Quarto
396 1281 528 1344 abeunte
550 1279 686 1357 saeculo,
718 1281 825 1362 postea
854 1297 944 1362 quam
975 1279 1065 1345 horno
1089 1279 1184 1362 Ligur
1206 1280 1243 1344 ad
1267 1280 1391 1363 ignotas

155 1383 242 1445 trans
257 1381 413 1448 Oceanum
431 1383 629 1448 Atlanticum¹
642 1401 721 1460 oras,
745 1381 808 1448 Deo
823 1382 956 1465 auspice.
974 1382 1093 1464 primus
1108 1381 1238 1464 appulit,
1255 1384 1396 1466 gestiunt

156 1485 293 1550 hominos
315 1489 347 1550 et
371 1485 551 1551 memoriam
580 1485 622 1550 rei
654 1490 746 1570 grata
766 1485 977 1551 recordatione
999 1485 1155 1551 celebrare
1178 1489 1211 1550 et
1235 1489 1392 1553 auctorem

155 1589 308 1654 extollere.
355 1590 419 1654 Nec
441 1607 515 1654 sane
539 1589 629 1654 facilc
653 1591 844 1673 reperiatur,
876 1608 955 1672 quae
985 1593 1166 1671 promoveat
1183 1590 1303 1656 animos
1322 1593 1390 1656 stu-

153 1693 264 1776 diaque
286 1693 468 1770 inflammet,
490 1712 584 1758 causa
607 1693 672 1758 ullu
693 1693 823 1776 dignior.
861 1695 918 1758 Res
942 1693 1024 1758 enim
1049 1712 1102 1776 per
1126 1713 1158 1759 se
1183 1694 1319 1762 omnium
1336 1697 1392 1768 eet,

154 1817 230 1880 quas
262 1797 326 1862 ulla
356 1799 442 1864 aetas
473 1816 605 1881 nuquam
637 1797 677 1862 ab
712 1797 887 1862 hominibus
918 1797 1043 1864 effectas
1073 1797 1169 1874 vidit,
1201 1798 1334 1864 maxima
1363 1801 1396 1865 ct

154 1901 378 1985 pulcherrima:
400 1901 427 1965 is
452 1919 520 1967 vero
543 1900 596 1984 qui
618 1899 710 1976 iacit,
734 1901 866 1984 pectoris
889 1900 1065 1984 ingeniique
1088 1901 1302 1984 magnitudine
1324 1906 1394 1986 pout

155 2009 242 2069 natos
266 2005 403 2070 homines
425 2023 496 2070 cum
519 2004 625 2087 paucis
647 2004 882 2087 comparandus.
928 2003 1003 2069 llius
1029 2023 1120 2086 opera
1146 2022 1180 2070 ex
1203 2004 1394 2088 inexplorato

154 2108 269 2174 Oceani
291 2109 359 2174 sinu
375 2108 454 2174 alter
470 2108 596 2172 emersit
610 2108 710 2174 orbis:
733 2110 862 2174 centena
879 2107 1055 2172 mortalium
1073 2107 1172 2172 nullia
1189 2127 1224 2172 ex
1240 2107 1393 2174 oblivione

154 2215 187 2276 et
208 2211 342 2277 tenebris
364 2212 394 2276 in
425 2229 618 2276 communem
648 2212 775 2278 humani
808 2212 929 2295 generis
955 2212 1134 2277 societatem
1166 2213 1326 2288 restituta,
1358 2231 1393 2278 ex

155 2315 218 2380 tero
240 2315 327 2380 cultu
350 2316 388 2380 ad
413 2315 679 2380 mansuetudinem
703 2319 794 2399 atquc
818 2315 1044 2380 immanitatem
1069 2315 1230 2392 traducta;
1252 2316 1393 2400 qnodque

154 2425 203 2484 eet
233 2418 323 2501 longe
354 2419 534 2494 maximum,
563 2437 670 2484 eorum
698 2419 973 2484 communicatione
1005 2418 1170 2497 bonorum,
1201 2437 1279 2502 qnae
1299 2418 1394 2485 lesus

155 2522 297 2590 Christus
328 2523 462 2606 peperit,
496 2522 535 2590 ad
566 2523 661 2588 vitam
689 2523 909 2606 sempiternam
940 2523 978 2586 ab
1009 2521 1138 2588 interitu
1170 2524 1324 2588 revocata.
1354 2561 1393 2570 ·-

154 2627 275 2709 lluropa
298 2626 433 2708 quidem,
456 2627 578 2692 subitae
600 2626 646 2691 rei
669 2627 806 2692 nouitate
830 2629 862 2692 et
886 2625 1034 2691 miraculo
1054 2628 1130 2692 tuuc
1150 2627 1293 2700 attonita,
1318 2626 1393 2710 qnid

153 2729 302 2796 Columbo
323 2729 451 2808 debeat,
474 2731 589 2795 aenaim
611 2731 718 2814 postea
742 2733 905 2813 cognorit,
936 2749 1006 2796 curn
1031 2729 1174 2794 nimirum
1196 2729 1338 2796 deductis
1361 2731 1392 2796 in

153 2833 327 2898 Arnaricam
351 2833 492 2912 coloniis,
517 2837 692 2899 commeatu
718 2835 855 2911 assiduo,
878 2833 1049 2900 mutatione
1073 2833 1259 2912 ciliciorum,
1281 2833 1391 2900 dandis

152 2936 398 3021 accipiendisque
420 2937 516 3002 maris
539 2937 646 3008 rebus.
679 2937 719 3002 ad
743 2939 872 3002 naturae
898 2937 1118 3021 coguitionem,
1146 2937 1184 3002 ad
1216 2955 1393 3002 communes

152 3040 264 3124 copias,
288 3041 326 3105 ad
347 3059 419 3124 opes
441 3040 637 3107 incredibiles
660 3043 709 3106 est
730 3041 864 3106 accessio
881 3042 974 3120 laetn,
998 3042 1119 3123 unaque
1134 3039 1227 3106 simul
1244 3041 1391 3123 Europaei

153 3144 284 3210 nominis
313 3144 389 3209 mire
419 3145 517 3209 crevit
546 3145 729 3213 auctoritas.
762 3181 804 3192 -
839 3144 875 3208 Iu
908 3145 965 3208 huc
999 3145 1097 3228 igitur
1129 3146 1195 3210 tam
1228 3143 1392 3227 multiplici

152 3247 378 3330 significatione
411 3249 550 3326 honoris,
585 3251 679 3330 atque
708 3249 741 3312 in
773 3248 829 3313 hoc
861 3248 946 3312 velut
972 3252 1121 3313 concentu
1152 3246 1391 3331 gratulantium,

151 3351 274 3417 ornnino
296 3351 386 3416 silere
410 3370 468 3416 non
490 3352 580 3418 decet
602 3351 782 3431 Ecclesiam,
804 3351 915 3435 quippe
938 3370 1017 3434 quas
1039 3370 1123 3416 more
1140 3354 1232 3435 atquc
1248 3351 1393 3416 instituto

154 3474 208 3520 suo
231 3455 379 3540 quidquid
403 3473 531 3538 usquam
556 3456 719 3522 honestum
743 3475 779 3520 ac
802 3455 958 3520 laudabile
980 3454 1132 3531 videatur,
1159 3455 1271 3539 probat
1293 3454 1393 3521 linem

152 3578 189 3623 ac
211 3559 375 3641 provehere
398 3559 527 3626 nitatur.
570 3559 709 3624 Honores
740 3559 795 3625 illa
824 3559 950 3642 quidem
978 3558 1152 3642 singulares
1186 3562 1218 3623 et
1246 3559 1393 3624 maximos

151 3665 289 3728 reservat
320 3662 592 3746 praestantissimis
624 3667 653 3726 in
687 3682 798 3745 genere
831 3682 949 3728 morum
979 3661 1159 3740 uirtutibus,
1196 3679 1274 3746 quae
1297 3663 1391 3728 saluti

152 3773 296 3832 aeternae
318 3767 489 3832 animorum
512 3767 697 3832 cohaerent:
732 3785 791 3832 non
818 3766 931 3832 idcirco
959 3767 1063 3832 mmor
1086 3765 1204 3849 spernit
1227 3770 1282 3830 aut
1303 3766 1389 3849 parvi

152 3871 298 3936 aestimat
320 3873 456 3937 ceterum
480 3889 595 3954 genus:
625 3871 720 3936 immo
754 3889 822 3936 vero
854 3889 968 3954 magna
991 3869 1150 3935 voluntate
1173 3871 1274 3936 lavere
1298 3870 1393 3936 hono·

153 3993 277 4058 remque
308 3993 427 4058 semper
462 3975 573 4040 habere
607 3975 765 4040 consueuit
799 3973 923 4057 egregie
953 3973 990 4040 de
1019 3973 1102 4039 cirili
1133 3972 1288 4042 hominum
1322 3993 1393 4041 con·

151 4079 307 4144 iunctione
341 4077 460 4144 meritis
491 4081 584 4162 atque
620 4079 890 4145 immortalitatem
926 4077 1008 4162 apud
1043 4080 1178 4160 posteros
1210 4077 1392 4145 consecutis.

152 4183 319 4249 Mortale
341 4181 421 4248 anim
445 4181 534 4250 Dens
556 4189 601 4248 est
624 4184 754 4248 maxime
777 4185 813 4249 in
834 4183 955 4248 sanctia
978 4183 1065 4250 suia:
1096 4181 1149 4246 sed
1180 4180 1302 4247 divinae
1333 4181 1392 4246 vir·

151 4286 229 4351 tntis
252 4286 318 4352 eius
338 4287 371 4352 iu
394 4287 433 4352 iis
456 4305 575 4371 quoqne
597 4293 747 4370 apparent
763 4287 912 4370 impressa
931 4285 1074 4370 vestigia,
1095 4286 1126 4350 in
1143 4285 1256 4369 quibus
1271 4286 1392 4352 eluceat

152 4391 198 4455 ris
220 4391 371 4474 quaedam
394 4391 491 4456 animi
511 4409 548 4454 ac
570 4391 682 4456 mentis
704 4390 872 4468 excellens3
896 4389 1045 4473 quianon
1062 4389 1186 4456 aliunde
1204 4389 1236 4454 in
1253 4388 1393 4456 homines

151 4494 254 4560 lumen
277 4494 395 4578 ingenii
417 4497 510 4578 atque
539 4494 701 4561 excelsitas
728 4493 843 4574 animi,
870 4493 929 4558 nisi
953 4511 972 4558 a
995 4495 1122 4577 parente
1145 4493 1179 4559 ct
1200 4496 1392 4577 procreatore

154 4598 219 4665 Deo
239 4599 486 4683 proficiscuntur.
