3220 4906
132 293 768 363 160οΧ1111.24.110111892061066.6606.
781 293 859 350 Neo·
865 293 954 349 11106.
964 293 1001 349 de
1009 298 1127 364 quaeat.
1135 293 1266 348 scholar.
1306 271 1370 338 307

131 485 244 532 006660
266 466 495 550 cognoscendae
518 466 738 550 applicuimus,
759 484 853 550 quam
873 464 1093 549 praelaudatus
1116 463 1371 548 archiepiscopus

131 571 229 638 Nobis
248 569 453 636 deliniendam
476 569 597 649 attulit,
620 569 767 654 profitens
790 587 823 634 se
846 571 985 653 prompte
1007 573 1041 634 et
1059 569 1182 636 omnino
1197 568 1369 652 pariturum

129 676 303 740 sententiae
324 675 464 754 Nostrae,
483 693 693 758 quaecumque
707 673 831 740 demum
848 693 884 739 60
900 674 987 751 10601,
1006 692 1086 758 quae
1101 693 1173 738 senc
1191 672 1370 756 protestatio

129 779 163 846 in
185 781 282 864 ipsius
305 778 431 845 leudem
452 778 535 844 cedit
558 780 590 844 et
612 798 631 843 a
650 777 748 844 Nobis
771 796 829 843 uon
855 779 975 861 poteret
999 779 1196 844 vehementer
1219 796 1277 842 non
1302 795 1371 859 pro·

130 883 207 949 bari.
252 882 354 964 Quum
377 901 466 968 porro
489 882 608 948 naviter
630 881 803 947 dederimus
826 901 969 966 operam,
1000 885 1036 946 ut
1068 881 1243 966 plenissime
1274 879 1370 944 Nobis

130 989 280 1054 tactorum
311 987 425 1054 ueritas
456 987 545 1052 lieret
575 986 750 1069 explorata,
785 987 929 1070 recteque
963 985 1182 1051 aestimaretur
1216 984 1369 1050 rationum

129 1091 246 1176 pondus
269 1108 348 1173 quae
370 1091 514 1174 utrinque
540 1089 757 1168 afferebantur,
782 1090 951 1156 constituto
973 1089 1120 1173 peculiari
1137 1092 1223 1155 00010
1240 1089 1368 1153 Petrum

129 1195 340 1261 Cardinalium
363 1213 399 1258 ex
421 1194 461 1258 iis
491 1193 611 1258 1016610
640 1194 752 1279 quibus
780 1213 901 1260 sacmm
936 1193 1105 1260 Consilium
1137 1195 1259 1259 0066161
1289 1191 1371 1257 6161-

130 1299 231 1363 611060
265 1297 380 1363 nomini
412 1297 623 1381 propagando,
658 1298 712 1382 qui
743 1316 808 1362 sese
838 1297 911 1363 huic
939 1299 1042 1364 studio
1065 1297 1185 1364 addixit
1207 1296 1370 1380 diligentia

129 1401 293 1485 singulari,
314 1401 498 1484 propositam
522 1401 732 1485 quaestionem
755 1421 791 1466 eo
815 1419 957 1484 66660660
975 1402 1179 1467 dirimendam
1195 1400 1370 1465 censuimus

129 1506 210 1589 quod
231 1505 362 1570 dilectus
384 1504 467 1570 lilius
491 1505 603 1570 Noster
626 1504 800 1570 Cardiualis
822 1506 922 1570 eidem
943 1523 1029 1570 sacro
1045 1504 1180 1570 Consilio
1195 1505 1370 1588 praelectus

129 1615 215 1675 iussu
240 1609 353 1675 Nostro
376 1609 515 1691 patelieri
535 1608 658 1674 curavit
681 1609 882 1675 ecclesiarum
906 1608 1103 1674 Pmcsmibus
1134 1627 1213 1693 quae
1240 1608 1272 1673 in
1295 1607 1370 1673 civi·

131 1714 251 1778 tatibus
273 1712 439 1779 foederatis
461 1715 535 1778 suut
557 1713 719 1778 Americae
741 1712 1006 1797 septentrionalis.

233 1816 300 1899 Quo
315 1818 448 1901 pressius
464 1820 568 1882 autem
587 1816 665 1881 illud
683 1835 847 1901 urgeamus
863 1816 942 1900 quod
960 1817 1079 1883 animos
1095 1818 1211 1882 6061606
1225 1817 1369 1900 angebat,

130 1941 243 2006 vosque
265 1920 303 1986 61
325 1921 519 1987 scribendum
544 1921 705 2004 permovit,
728 1922 872 1987 certiores
892 1921 1025 1987 vastiori
1043 1922 1193 1999 volumus,
1216 1921 1369 1985 neminem

129 2025 162 2090 in
185 2025 242 2090 hoc
265 2024 377 2090 iudicio
406 2025 610 2109 suspicionem
634 2023 731 2090 Nobis
754 2025 895 2090 iniecisse
919 2025 1089 2090 timendum
1111 2025 1174 2089 lore
1197 2044 1234 2089 ne
1257 2025 1371 2089 1616610

129 2128 233 2212 aliqua
256 2129 374 2194 vexatio
397 2129 559 2194 catholicis
581 2127 771 2211 impenderet
792 2129 818 2193 si
841 2147 877 2193 ea
899 2147 977 2212 quae
1003 2132 1092 2213 gesta
1114 2129 1236 2194 inerant
1256 2131 1295 2191 ah
1314 2131 1369 2192 Ar·

129 2233 322 2315 chiepiscopo
343 2231 374 2297 S.
401 2231 487 2297 Pauli
510 2232 592 2298 01660
614 2232 736 2298 6010106
760 2233 792 2297 16
812 2232 923 2316 066110
946 2233 1022 2298 sitas
1043 2232 1214 2298 Furibuult
1233 2236 1265 2297 et
1279 2232 1368 2298 Still-

129 2335 386 2402 660106οΝ0116
409 2337 511 2401 066061
533 2336 715 2418 improbata.
747 2336 848 2419 Quum
875 2355 971 2420 neque
994 2337 1075 2402 idem
1099 2338 1172 2401 l'en.
1192 2337 1370 2401 Fraternas

130 2438 211 2504 alius
233 2439 367 2522 quilibet
389 2439 481 2504 huius
509 2440 636 2522 periculi
661 2441 846 2506 mentionem
878 2440 1000 2518 lecerit,
1032 2441 1131 2525 liquet
1160 2459 1196 2506 er
1229 2440 1369 2505 mendaci

129 2542 215 2626 vulgi
238 2561 358 2609 mmere
381 2544 496 2608 lamam
518 2562 585 2609 0660
606 2545 745 2610 obortam
774 2563 853 2627 quae
884 2563 935 2609 vos
964 2545 995 2608 in
1027 2545 1149 2610 inanem
1184 2563 1306 2628 prorsus
1339 2551 1370 2608 01

128 2646 236 2712 falsam
263 2646 436 2730 opinionem
460 2647 598 2715 adduxit.
644 2648 709 2714 Nos
738 2649 892 2714 enimvero
914 2649 952 2713 01
977 2649 1103 2714 1616606
1127 2667 1237 2713 causae
1260 2647 1366 2732 cogni-

128 2751 240 2816 tionem
265 2750 474 2834 iudiciumque
498 2752 635 2816 animum
660 2751 824 2818 attulimus
844 2753 936 2835 probe
954 2771 1120 2818 memorem
1136 2753 1368 2835 studiosumque

128 2855 329 2932 decretorum,
353 2873 431 2938 quae
454 2859 681 2938 6600660660610
704 2856 762 2922 106
786 2857 963 2940 1606101100
984 2854 1062 2923 Sede
1084 2858 1115 2920 in
1139 2856 1268 2941 Synodis
1295 2856 1365 2920 Bal·

126 2957 345 3024 timorensibns
367 2977 458 3042 super
479 2959 592 3024 scholis
613 2960 835 3042 paroecialibus
858 2962 994 3026 conscita
1015 2963 1097 3025 sunt.
1134 2959 1219 3025 Haec
1242 2958 1365 3044 quidem

128 3063 305 3127 constanter
327 3062 443 3128 servari
465 3063 624 3138 uolumusr
652 3063 797 3147 quoniam
831 3082 899 3131 vero
927 3065 985 3130 100
1006 3064 1225 3131 066011616061
1246 3062 1369 3145 legibus

128 3164 323 3248 generalibus
345 3168 391 3245 ut,
415 3165 518 3250 siquid
532 3167 691 3251 singulare
706 3168 830 3232 6606161
846 3187 900 3231 660
917 3168 1087 3250 opinatum,
1107 3168 1224 3232 tactum
1240 3165 1367 3231 tolerari

127 3271 231 3352 queat,
253 3269 400 3335 suadente
423 3270 591 3354 aequitate,
613 3270 693 3355 qued
717 3270 854 3337 nonnihil
875 3272 1001 3337 averbo
1019 3271 1097 3356 legis
1120 3270 1253 3350 6600101,
1276 3269 1368 3335 facile
1472 3267 1480 3284 “

126 3373 331 3456 comperimus
354 3391 458 3439 casnm
481 3373 563 3441 hunc
585 3376 746 3452 incidisse;
768 3374 894 3458 proinde
919 3376 1124 3442 moderatione
1145 3395 1180 3440 66
1201 3372 1367 3458 prudentia

126 3475 203 3542 duce
226 3477 422 3562 potiusquam
446 3477 525 3562 legis
548 3479 659 3562 rigore,
684 3499 747 3545 rem
768 3479 805 3544 de
829 3499 890 3562 qua
911 3480 1064 3563 agebatur
1085 3479 1280 3545 iudicandam
1302 3496 1368 3544 0660

127 3581 187 3646 6011
210 3600 325 3648 sumus.
373 3581 517 3648 Ceterum
541 3584 623 3648 inter
645 3601 747 3650 sacros
771 3585 890 3650 6661666
923 3584 1057 3668 regionis
1082 3584 1262 3664 1611611106,
1293 3603 1368 3666 quos

128 3683 217 3749 huius
240 3683 353 3750 Sancta
375 3685 464 3751 Sedis
485 3686 774 3752 observantissimos
796 3689 935 3753 novimus
957 3692 990 3753 et
1013 3689 1126 3772 experti
1146 3708 1251 3754 sumus
1271 3708 1368 3771 quum

126 3787 165 3852 ad
191 3788 256 3853 Nos
279 3789 459 3856 accederent
479 3791 632 3875 quispiam
656 3809 823 3875 numquam
847 3793 968 3858 nemine
990 3813 1113 3876 prorsus
1129 3795 1262 3876 excepto,
1285 3792 1368 3856 61666

126 3894 174 3958 061
197 3892 353 3976 ambigere
376 3893 414 3959 10
437 3893 576 3960 10616166
599 3896 637 3960 61
661 3915 695 3960 06
717 3896 834 3961 tradita
866 3897 948 3962 cirea
978 3897 1099 3962 scholas
1126 3896 1291 3979 inquibus
1315 3915 1367 3960 06-

126 3995 257 4061 11011006
281 4016 389 4080 660606
411 3996 535 4063 16611161
556 4001 686 4081 0606101.
733 4000 800 4066 Una
828 4001 948 4067 66111661
977 4003 1112 4067 omnium
1141 4000 1297 4067 sententia
1320 4001 1369 4064 e'st

128 4100 309 4184 negantium
334 4101 454 4167 scholas
476 4103 596 4186 probari
618 4122 705 4186 60666
728 4111 875 4183 neutras,
909 4124 1016 4188 nempe
1038 4105 1196 4189 religionis
1218 4107 1366 4188 expertae,

126 4203 179 4269 sed
205 4205 392 4271 unanimiter
421 4207 665 4288 confessioncles
699 4207 846 4274 adserunt
878 4209 982 4292 (66061
1010 4211 1041 4273 16
1065 4209 1243 4294 regionibus
1265 4207 1368 4273 060611

126 4325 201 4390 quas
225 4309 405 4374 acatholicis
429 4311 572 4393 permixti
595 4309 700 4376 110166
720 4311 884 4394 16601661),
907 4313 1027 4378 6610106
1042 4313 1188 4378 nimirum
1207 4312 1238 4377 16
1255 4311 1366 4394 quibus

126 4411 211 4494 pueri
234 4413 414 4496 religionem
447 4414 504 4480 rite
535 4414 683 4479 docentur
713 4415 751 4479 ab
779 4416 818 4480 iis
845 4435 921 4500 quos
957 4417 1029 4481 huic
1063 4417 1243 4500 magisterio
1277 4435 1366 4499 pares

128 4514 268 4598 Episcopi
292 4517 484 4602 agnoverint.
531 4519 673 4584 Prmatat
703 4518 808 4602 itaque
839 4519 1036 4586 Venerabiles
1066 4521 1205 4597 Fratres,
1241 4523 1276 4583 ut
1306 4539 1366 4584 una

125 4636 194 4684 0666
218 4621 328 4686 0010616
351 4621 537 4688 dioecesium
559 4623 761 4689 Praesnlibus
790 4624 924 4710 regionis
954 4624 1046 4691 161166
1069 4623 1269 4691 conuitamiui
1292 4643 1364 4688 eon·
