<?xml version="1.0" encoding="UTF-8"?>
<!DOCTYPE html PUBLIC "-//W3C//DTD XHTML 1.0 Transitional//EN"
    "http://www.w3.org/TR/xhtml1/DTD/xhtml1-transitional.dtd">
<html xmlns="http://www.w3.org/1999/xhtml" xml:lang="en" lang="en">
 <head>
  <title>
</title>
<meta http-equiv="Content-Type" content="text/html;charset=utf-8" />
  <meta name='ocr-system' content='tesseract 3.04.00' />
  <meta name='ocr-capabilities' content='ocr_page ocr_carea ocr_par ocr_line ocrx_word'/>
</head>
<body>
  <div class='ocr_page' id='page_1' title='image "./archivfrkatholi14unkngoog/archivfrkatholi14unkngoog_0290.png"; bbox 0 0 3264 4914; ppageno 0'>
   <div class='ocr_carea' id='block_1_1' title="bbox 283 317 1401 408">
    <p class='ocr_par' dir='ltr' id='par_1_1' title="bbox 283 317 1401 408">
     <span class='ocr_line' id='line_1_1' title="bbox 283 317 1401 408; baseline -0.006 -14"><span class='ocrx_word' id='word_1_1' title='bbox 283 337 312 394; x_wconf 79' lang='grc' dir='ltr'>Ο.</span> <span class='ocrx_word' id='word_1_2' title='bbox 331 337 407 406; x_wconf 82' lang='lat' dir='ltr'>Epp.</span> <span class='ocrx_word' id='word_1_3' title='bbox 430 339 473 390; x_wconf 83' lang='lat'>17.</span> <span class='ocrx_word' id='word_1_4' title='bbox 493 338 568 406; x_wconf 64' lang='lat' dir='ltr'>stup.</span> <span class='ocrx_word' id='word_1_5' title='bbox 591 337 660 392; x_wconf 83' lang='lat'><strong><em>1891</em></strong></span> <span class='ocrx_word' id='word_1_6' title='bbox 679 339 715 392; x_wconf 83' lang='lat' dir='ltr'>de</span> <span class='ocrx_word' id='word_1_7' title='bbox 735 335 904 404; x_wconf 77' lang='lat' dir='ltr'>consessa-r.</span> <span class='ocrx_word' id='word_1_8' title='bbox 924 341 1082 396; x_wconf 76' lang='lat' dir='ltr'>eetruord.</span> <span class='ocrx_word' id='word_1_9' title='bbox 1100 341 1275 408; x_wconf 76' lang='lat' dir='ltr'>reliqc&#39;osor.</span> <span class='ocrx_word' id='word_1_10' title='bbox 1336 317 1401 381; x_wconf 77' lang='lat'>285</span> 
     </span>
    </p>
   </div>
   <div class='ocr_carea' id='block_1_2' title="bbox 154 507 1403 4630">
    <p class='ocr_par' dir='ltr' id='par_1_2' title="bbox 160 507 1403 903">
     <span class='ocr_line' id='line_1_2' title="bbox 162 507 1401 596; baseline -0.005 -21"><span class='ocrx_word' id='word_1_11' title='bbox 162 511 278 575; x_wconf 88' lang='lat' dir='ltr'>sarium</span> <span class='ocrx_word' id='word_1_12' title='bbox 301 509 573 574; x_wconf 77' lang='lat' dir='ltr'>extraordinarium</span> <span class='ocrx_word' id='word_1_13' title='bbox 598 508 758 592; x_wconf 75' lang='lat' dir='ltr'>bernegum,</span> <span class='ocrx_word' id='word_1_14' title='bbox 781 510 875 574; x_wconf 89' lang='lat' dir='ltr'>immo</span> <span class='ocrx_word' id='word_1_15' title='bbox 898 531 953 576; x_wconf 91' lang='lat' dir='ltr'>nec</span> <span class='ocrx_word' id='word_1_16' title='bbox 974 531 1065 596; x_wconf 78' lang='lat' dir='ltr'>aegre</span> <span class='ocrx_word' id='word_1_17' title='bbox 1080 530 1112 576; x_wconf 87' lang='lat' dir='ltr'>se</span> <span class='ocrx_word' id='word_1_18' title='bbox 1129 510 1207 575; x_wconf 86' lang='lat' dir='ltr'>ferre</span> <span class='ocrx_word' id='word_1_19' title='bbox 1223 507 1401 591; x_wconf 81' lang='lat' dir='ltr'>petitionem</span> 
     </span>
     <span class='ocr_line' id='line_1_3' title="bbox 161 611 1403 698; baseline -0.003 -20"><span class='ocrx_word' id='word_1_20' title='bbox 161 615 389 690; x_wconf 75' lang='lat' dir='ltr'>demonstrare,</span> <span class='ocrx_word' id='word_1_21' title='bbox 423 615 583 678; x_wconf 86' lang='lat' dir='ltr'>teneturue</span> <span class='ocrx_word' id='word_1_22' title='bbox 607 611 723 677; x_wconf 88' lang='lat' dir='ltr'>subditi</span> <span class='ocrx_word' id='word_1_23' title='bbox 752 614 894 696; x_wconf 87' lang='lat' dir='ltr'>precibus</span> <span class='ocrx_word' id='word_1_24' title='bbox 917 633 1037 698; x_wconf 87' lang='lat' dir='ltr'>sempor</span> <span class='ocrx_word' id='word_1_25' title='bbox 1061 614 1240 698; x_wconf 81' lang='lat' dir='ltr'>indulgere,</span> <span class='ocrx_word' id='word_1_26' title='bbox 1264 611 1403 695; x_wconf 86' lang='lat' dir='ltr'>quamvis</span> 
     </span>
     <span class='ocr_line' id='line_1_4' title="bbox 161 715 1403 806; baseline -0.002 -26"><span class='ocrx_word' id='word_1_27' title='bbox 161 718 250 800; x_wconf 88' lang='lat' dir='ltr'>plane</span> <span class='ocrx_word' id='word_1_28' title='bbox 274 717 377 781; x_wconf 86' lang='lat' dir='ltr'>videet</span> <span class='ocrx_word' id='word_1_29' title='bbox 399 718 615 782; x_wconf 80' lang='lat' dir='ltr'>necessitatem</span> <span class='ocrx_word' id='word_1_30' title='bbox 638 735 704 806; x_wconf 88' lang='lat' dir='ltr'>esse</span> <span class='ocrx_word' id='word_1_31' title='bbox 727 716 841 792; x_wconf 79' lang='lat' dir='ltr'>liobam,</span> <span class='ocrx_word' id='word_1_32' title='bbox 866 721 897 783; x_wconf 91' lang='lat' dir='ltr'>et</span> <span class='ocrx_word' id='word_1_33' title='bbox 920 718 969 782; x_wconf 88' lang='lat' dir='ltr'>vel</span> <span class='ocrx_word' id='word_1_34' title='bbox 989 717 1151 801; x_wconf 80' lang='lat' dir='ltr'>scrupulis,</span> <span class='ocrx_word' id='word_1_35' title='bbox 1176 715 1226 782; x_wconf 87' lang='lat' dir='ltr'>vel</span> <span class='ocrx_word' id='word_1_36' title='bbox 1241 716 1302 780; x_wconf 90' lang='lat' dir='ltr'>alio</span> <span class='ocrx_word' id='word_1_37' title='bbox 1318 733 1403 780; x_wconf 89' lang='lat' dir='ltr'>men-</span> 
     </span>
     <span class='ocr_line' id='line_1_5' title="bbox 160 819 1105 903; baseline 0 -19"><span class='ocrx_word' id='word_1_38' title='bbox 160 823 202 884; x_wconf 89' lang='lat' dir='ltr'>tis</span> <span class='ocrx_word' id='word_1_39' title='bbox 225 821 355 898; x_wconf 86' lang='lat' dir='ltr'>delectu,</span> <span class='ocrx_word' id='word_1_40' title='bbox 378 822 414 884; x_wconf 92' lang='lat' dir='ltr'>ut</span> <span class='ocrx_word' id='word_1_41' title='bbox 438 839 541 885; x_wconf 86' lang='lat' dir='ltr'>veram</span> <span class='ocrx_word' id='word_1_42' title='bbox 565 819 604 883; x_wconf 85' lang='lat' dir='ltr'>sb</span> <span class='ocrx_word' id='word_1_43' title='bbox 628 819 692 901; x_wconf 92' lang='lat' dir='ltr'>ipso</span> <span class='ocrx_word' id='word_1_44' title='bbox 715 820 833 902; x_wconf 86' lang='lat' dir='ltr'>petenti</span> <span class='ocrx_word' id='word_1_45' title='bbox 858 821 1105 903; x_wconf 77' lang='lat' dir='ltr'><strong>apprehensam?</strong></span> 
     </span>
    </p>

    <p class='ocr_par' dir='ltr' id='par_1_3' title="bbox 159 921 1402 1318">
     <span class='ocr_line' id='line_1_6' title="bbox 263 921 1402 1007; baseline -0.003 -19"><span class='ocrx_word' id='word_1_46' title='bbox 263 923 320 988; x_wconf 94' lang='lat' dir='ltr'>lIl.</span> <span class='ocrx_word' id='word_1_47' title='bbox 347 925 481 1002; x_wconf 88' lang='lat' dir='ltr'>Praesul,</span> <span class='ocrx_word' id='word_1_48' title='bbox 506 923 558 1007; x_wconf 88' lang='lat' dir='ltr'>qui</span> <span class='ocrx_word' id='word_1_49' title='bbox 575 943 610 988; x_wconf 85' lang='lat' dir='ltr'>ex</span> <span class='ocrx_word' id='word_1_50' title='bbox 628 923 721 988; x_wconf 87' lang='lat' dir='ltr'>dictis</span> <span class='ocrx_word' id='word_1_51' title='bbox 741 924 967 990; x_wconf 86' lang='lat' dir='ltr'>Ooulessarium</span> <span class='ocrx_word' id='word_1_52' title='bbox 986 923 1260 990; x_wconf 83' lang='lat' dir='ltr'>extraordinarium</span> <span class='ocrx_word' id='word_1_53' title='bbox 1278 921 1402 987; x_wconf 85' lang='lat' dir='ltr'>subdito</span> 
     </span>
     <span class='ocr_line' id='line_1_7' title="bbox 159 1025 1399 1111; baseline -0.002 -21"><span class='ocrx_word' id='word_1_54' title='bbox 159 1029 315 1104; x_wconf 81' lang='lat' dir='ltr'>concedit,</span> <span class='ocrx_word' id='word_1_55' title='bbox 350 1028 512 1111; x_wconf 82' lang='lat' dir='ltr'>designare</span> <span class='ocrx_word' id='word_1_56' title='bbox 543 1025 634 1091; x_wconf 86' lang='lat' dir='ltr'>debet</span> <span class='ocrx_word' id='word_1_57' title='bbox 664 1028 695 1091; x_wconf 92' lang='lat' dir='ltr'>in</span> <span class='ocrx_word' id='word_1_58' title='bbox 729 1046 910 1111; x_wconf 86' lang='lat' dir='ltr'>unoquoquo</span> <span class='ocrx_word' id='word_1_59' title='bbox 942 1047 1014 1093; x_wconf 86' lang='lat' dir='ltr'>casu</span> <span class='ocrx_word' id='word_1_60' title='bbox 1037 1027 1221 1092; x_wconf 87' lang='lat' dir='ltr'>nominatim</span> <span class='ocrx_word' id='word_1_61' title='bbox 1242 1045 1399 1111; x_wconf 87' lang='lat' dir='ltr'>personum</span> 
     </span>
     <span class='ocr_line' id='line_1_8' title="bbox 159 1129 1401 1215; baseline -0.002 -20"><span class='ocrx_word' id='word_1_62' title='bbox 159 1133 254 1214; x_wconf 86' lang='lat' dir='ltr'>ipsius</span> <span class='ocrx_word' id='word_1_63' title='bbox 277 1131 477 1208; x_wconf 71' lang='lat' dir='ltr'>confessarii,</span> <span class='ocrx_word' id='word_1_64' title='bbox 502 1130 548 1195; x_wconf 85' lang='lat' dir='ltr'>vel</span> <span class='ocrx_word' id='word_1_65' title='bbox 572 1130 653 1194; x_wconf 91' lang='lat' dir='ltr'>idem</span> <span class='ocrx_word' id='word_1_66' title='bbox 680 1130 853 1215; x_wconf 82' lang='lat' dir='ltr'>Religiosus</span> <span class='ocrx_word' id='word_1_67' title='bbox 873 1131 986 1215; x_wconf 78' lang='lat' dir='ltr'>eligere</span> <span class='ocrx_word' id='word_1_68' title='bbox 1010 1133 1141 1214; x_wconf 86' lang='lat' dir='ltr'>poterit,</span> <span class='ocrx_word' id='word_1_69' title='bbox 1162 1133 1242 1197; x_wconf 88' lang='lat' dir='ltr'>inter</span> <span class='ocrx_word' id='word_1_70' title='bbox 1267 1129 1401 1196; x_wconf 80' lang='lat' dir='ltr'>diversos</span> 
     </span>
     <span class='ocr_line' id='line_1_9' title="bbox 161 1233 1125 1318; baseline 0.002 -20"><span class='ocrx_word' id='word_1_71' title='bbox 161 1235 198 1298; x_wconf 88' lang='lat' dir='ltr'>ab</span> <span class='ocrx_word' id='word_1_72' title='bbox 223 1234 385 1300; x_wconf 85' lang='lat' dir='ltr'>Ordinario</span> <span class='ocrx_word' id='word_1_73' title='bbox 406 1233 578 1316; x_wconf 70' lang='lat' dir='ltr'>deputatos</span> <span class='ocrx_word' id='word_1_74' title='bbox 602 1233 654 1317; x_wconf 91' lang='lat' dir='ltr'>qui</span> <span class='ocrx_word' id='word_1_75' title='bbox 679 1235 734 1298; x_wconf 89' lang='lat' dir='ltr'>boc</span> <span class='ocrx_word' id='word_1_76' title='bbox 754 1234 813 1298; x_wconf 90' lang='lat' dir='ltr'>sibi</span> <span class='ocrx_word' id='word_1_77' title='bbox 838 1255 947 1299; x_wconf 87' lang='lat' dir='ltr'>munus</span> <span class='ocrx_word' id='word_1_78' title='bbox 970 1235 1125 1318; x_wconf 79' lang='lat' dir='ltr'>impleat?</span> 
     </span>
    </p>

    <p class='ocr_par' dir='ltr' id='par_1_4' title="bbox 159 1335 1401 1834">
     <span class='ocr_line' id='line_1_10' title="bbox 265 1335 1401 1421; baseline -0.001 -21"><span class='ocrx_word' id='word_1_79' title='bbox 265 1338 300 1401; x_wconf 89' lang='lat' dir='ltr'>ln</span> <span class='ocrx_word' id='word_1_80' title='bbox 324 1338 429 1402; x_wconf 88' lang='lat' dir='ltr'>eodem</span> <span class='ocrx_word' id='word_1_81' title='bbox 454 1337 550 1402; x_wconf 85' lang='lat' dir='ltr'>allato</span> <span class='ocrx_word' id='word_1_82' title='bbox 574 1338 704 1406; x_wconf 89' lang='lat' dir='ltr'>Decreto</span> <span class='ocrx_word' id='word_1_83' title='bbox 731 1337 787 1400; x_wconf 90' lang='lat' dir='ltr'>boc</span> <span class='ocrx_word' id='word_1_84' title='bbox 819 1341 1014 1421; x_wconf 87' lang='lat' dir='ltr'>praeceptum</span> <span class='ocrx_word' id='word_1_85' title='bbox 1046 1338 1222 1402; x_wconf 84' lang='lat' dir='ltr'>iuvenitur:</span> <span class='ocrx_word' id='word_1_86' title='bbox 1257 1335 1401 1416; x_wconf 75' lang='lat' dir='ltr'>»Quoties</span> 
     </span>
     <span class='ocr_line' id='line_1_11' title="bbox 162 1439 1400 1524; baseline -0.001 -20"><span class='ocrx_word' id='word_1_87' title='bbox 162 1440 200 1504; x_wconf 94' lang='lat' dir='ltr'>ob</span> <span class='ocrx_word' id='word_1_88' title='bbox 223 1441 372 1506; x_wconf 75' lang='lat' dir='ltr'>feruorem</span> <span class='ocrx_word' id='word_1_89' title='bbox 400 1443 431 1504; x_wconf 89' lang='lat' dir='ltr'>et</span> <span class='ocrx_word' id='word_1_90' title='bbox 461 1439 652 1522; x_wconf 80' lang='lat' dir='ltr'>spiritualem</span> <span class='ocrx_word' id='word_1_91' title='bbox 682 1441 813 1524; x_wconf 85' lang='lat' dir='ltr'>alicujus</span> <span class='ocrx_word' id='word_1_92' title='bbox 840 1441 1009 1524; x_wconf 84' lang='lat' dir='ltr'>prolectam</span> <span class='ocrx_word' id='word_1_93' title='bbox 1030 1441 1239 1506; x_wconf 82' lang='lat' dir='ltr'>Confessarius</span> <span class='ocrx_word' id='word_1_94' title='bbox 1262 1439 1400 1522; x_wconf 81' lang='lat' dir='ltr'>expedire</span> 
     </span>
     <span class='ocr_line' id='line_1_12' title="bbox 159 1543 1401 1628; baseline 0 -20"><span class='ocrx_word' id='word_1_95' title='bbox 159 1545 363 1627; x_wconf 84' lang='lat' dir='ltr'>judicaverit,</span> <span class='ocrx_word' id='word_1_96' title='bbox 398 1546 432 1608; x_wconf 87' lang='lat' dir='ltr'>ut</span> <span class='ocrx_word' id='word_1_97' title='bbox 463 1543 652 1626; x_wconf 82' lang='lat' dir='ltr'>frequentius</span> <span class='ocrx_word' id='word_1_98' title='bbox 679 1564 771 1628; x_wconf 84' lang='lat' dir='ltr'>qrram</span> <span class='ocrx_word' id='word_1_99' title='bbox 796 1545 903 1610; x_wconf 87' lang='lat' dir='ltr'>diebus</span> <span class='ocrx_word' id='word_1_100' title='bbox 926 1545 1054 1611; x_wconf 88' lang='lat' dir='ltr'>statutis</span> <span class='ocrx_word' id='word_1_101' title='bbox 1077 1545 1109 1609; x_wconf 90' lang='lat' dir='ltr'>in</span> <span class='ocrx_word' id='word_1_102' title='bbox 1132 1543 1261 1628; x_wconf 89' lang='lat' dir='ltr'>propriis</span> <span class='ocrx_word' id='word_1_103' title='bbox 1284 1543 1401 1626; x_wconf 82' lang='lat' dir='ltr'>regulis</span> 
     </span>
     <span class='ocr_line' id='line_1_13' title="bbox 161 1647 1401 1733; baseline -0.002 -21"><span class='ocrx_word' id='word_1_104' title='bbox 161 1648 287 1713; x_wconf 87' lang='lat' dir='ltr'>accedat</span> <span class='ocrx_word' id='word_1_105' title='bbox 311 1647 485 1731; x_wconf 84' lang='lat' dir='ltr'>Religiosus</span> <span class='ocrx_word' id='word_1_106' title='bbox 508 1647 545 1712; x_wconf 85' lang='lat' dir='ltr'>ao</span> <span class='ocrx_word' id='word_1_107' title='bbox 570 1667 689 1712; x_wconf 84' lang='lat' dir='ltr'>sacram</span> <span class='ocrx_word' id='word_1_108' title='bbox 712 1647 856 1733; x_wconf 85' lang='lat' dir='ltr'>Synaxiu‚</span> <span class='ocrx_word' id='word_1_109' title='bbox 879 1649 910 1713; x_wconf 89' lang='lat' dir='ltr'>id</span> <span class='ocrx_word' id='word_1_110' title='bbox 935 1649 961 1713; x_wconf 89' lang='lat' dir='ltr'>ei</span> <span class='ocrx_word' id='word_1_111' title='bbox 989 1649 1026 1714; x_wconf 90' lang='lat' dir='ltr'>ab</span> <span class='ocrx_word' id='word_1_112' title='bbox 1044 1649 1109 1732; x_wconf 91' lang='lat' dir='ltr'>ipso</span> <span class='ocrx_word' id='word_1_113' title='bbox 1125 1647 1317 1714; x_wconf 73' lang='lat' dir='ltr'>confessario</span> <span class='ocrx_word' id='word_1_114' title='bbox 1332 1667 1401 1730; x_wconf 89' lang='lat' dir='ltr'>per-</span> 
     </span>
     <span class='ocr_line' id='line_1_14' title="bbox 163 1751 412 1834; baseline -0.02 -19"><span class='ocrx_word' id='word_1_115' title='bbox 163 1751 246 1816; x_wconf 87' lang='lat' dir='ltr'>mitti</span> <span class='ocrx_word' id='word_1_116' title='bbox 270 1752 412 1834; x_wconf 74' lang='lat' dir='ltr'>poterit«</span> 
     </span>
    </p>

    <p class='ocr_par' dir='ltr' id='par_1_5' title="bbox 160 1851 1400 2436">
     <span class='ocr_line' id='line_1_15' title="bbox 264 1851 1398 1939; baseline -0.001 -19"><span class='ocrx_word' id='word_1_117' title='bbox 264 1853 340 1920; x_wconf 86' lang='lat' dir='ltr'>Cum</span> <span class='ocrx_word' id='word_1_118' title='bbox 367 1873 436 1920; x_wconf 87' lang='lat' dir='ltr'>roro</span> <span class='ocrx_word' id='word_1_119' title='bbox 458 1855 489 1917; x_wconf 89' lang='lat' dir='ltr'>in</span> <span class='ocrx_word' id='word_1_120' title='bbox 511 1855 650 1937; x_wconf 89' lang='lat' dir='ltr'>pluribus</span> <span class='ocrx_word' id='word_1_121' title='bbox 670 1851 967 1932; x_wconf 84' lang='lat' dir='ltr'>Constitutionibus,</span> <span class='ocrx_word' id='word_1_122' title='bbox 991 1855 1168 1939; x_wconf 78' lang='lat' dir='ltr'>Apostolioa</span> <span class='ocrx_word' id='word_1_123' title='bbox 1190 1853 1267 1920; x_wconf 84' lang='lat' dir='ltr'>Sede</span> <span class='ocrx_word' id='word_1_124' title='bbox 1290 1873 1398 1938; x_wconf 90' lang='lat' dir='ltr'>appro-</span> 
     </span>
     <span class='ocr_line' id='line_1_16' title="bbox 161 1957 1400 2044; baseline 0 -22"><span class='ocrx_word' id='word_1_125' title='bbox 161 1957 259 2035; x_wconf 77' lang='lat' dir='ltr'>batis,</span> <span class='ocrx_word' id='word_1_126' title='bbox 291 1976 352 2023; x_wconf 91' lang='lat' dir='ltr'>nou</span> <span class='ocrx_word' id='word_1_127' title='bbox 383 1958 506 2022; x_wconf 83' lang='lat' dir='ltr'>tantum</span> <span class='ocrx_word' id='word_1_128' title='bbox 537 1959 639 2022; x_wconf 86' lang='lat' dir='ltr'>certae</span> <span class='ocrx_word' id='word_1_129' title='bbox 671 1961 850 2022; x_wconf 87' lang='lat' dir='ltr'>statuantur</span> <span class='ocrx_word' id='word_1_130' title='bbox 872 1957 950 2036; x_wconf 89' lang='lat' dir='ltr'>dies,</span> <span class='ocrx_word' id='word_1_131' title='bbox 983 1961 1018 2022; x_wconf 91' lang='lat' dir='ltr'>ut</span> <span class='ocrx_word' id='word_1_132' title='bbox 1041 1959 1188 2044; x_wconf 83' lang='lat' dir='ltr'>Religiosi</span> <span class='ocrx_word' id='word_1_133' title='bbox 1215 1959 1252 2024; x_wconf 85' lang='lat' dir='ltr'>ad</span> <span class='ocrx_word' id='word_1_134' title='bbox 1280 1977 1400 2024; x_wconf 90' lang='lat' dir='ltr'>sacram</span> 
     </span>
     <span class='ocr_line' id='line_1_17' title="bbox 160 2059 1400 2144; baseline -0.001 -20"><span class='ocrx_word' id='word_1_135' title='bbox 160 2081 297 2126; x_wconf 89' lang='lat' dir='ltr'>mensam</span> <span class='ocrx_word' id='word_1_136' title='bbox 322 2061 487 2139; x_wconf 87' lang='lat' dir='ltr'>accedant,</span> <span class='ocrx_word' id='word_1_137' title='bbox 516 2080 619 2124; x_wconf 88' lang='lat' dir='ltr'>verum</span> <span class='ocrx_word' id='word_1_138' title='bbox 651 2061 792 2143; x_wconf 83' lang='lat' dir='ltr'>explicite</span> <span class='ocrx_word' id='word_1_139' title='bbox 815 2062 943 2137; x_wconf 80' lang='lat' dir='ltr'>vetetur,</span> <span class='ocrx_word' id='word_1_140' title='bbox 977 2081 1014 2126; x_wconf 90' lang='lat' dir='ltr'>ue</span> <span class='ocrx_word' id='word_1_141' title='bbox 1045 2061 1129 2125; x_wconf 89' lang='lat' dir='ltr'>ultra</span> <span class='ocrx_word' id='word_1_142' title='bbox 1157 2061 1311 2144; x_wconf 83' lang='lat' dir='ltr'>praefatas</span> <span class='ocrx_word' id='word_1_143' title='bbox 1334 2059 1400 2124; x_wconf 88' lang='lat' dir='ltr'>dies</span> 
     </span>
     <span class='ocr_line' id='line_1_18' title="bbox 160 2163 1399 2247; baseline 0 -21"><span class='ocrx_word' id='word_1_144' title='bbox 160 2165 219 2246; x_wconf 91' lang='lat' dir='ltr'>ipsi</span> <span class='ocrx_word' id='word_1_145' title='bbox 247 2164 394 2247; x_wconf 83' lang='lat' dir='ltr'>Religiosi</span> <span class='ocrx_word' id='word_1_146' title='bbox 419 2164 637 2229; x_wconf 71' lang='lat' dir='ltr'>comunionem</span> <span class='ocrx_word' id='word_1_147' title='bbox 661 2165 832 2246; x_wconf 82' lang='lat' dir='ltr'>accipiant,</span> <span class='ocrx_word' id='word_1_148' title='bbox 867 2165 962 2230; x_wconf 85' lang='lat' dir='ltr'>voluti</span> <span class='ocrx_word' id='word_1_149' title='bbox 995 2165 1032 2228; x_wconf 86' lang='lat' dir='ltr'>rle</span> <span class='ocrx_word' id='word_1_150' title='bbox 1064 2165 1252 2231; x_wconf 83' lang='lat' dir='ltr'>Monislibus</span> <span class='ocrx_word' id='word_1_151' title='bbox 1279 2163 1399 2228; x_wconf 88' lang='lat' dir='ltr'>Disoal·</span> 
     </span>
     <span class='ocr_line' id='line_1_19' title="bbox 160 2267 1400 2352; baseline -0.001 -21"><span class='ocrx_word' id='word_1_152' title='bbox 160 2269 256 2332; x_wconf 83' lang='lat' dir='ltr'>neatis</span> <span class='ocrx_word' id='word_1_153' title='bbox 286 2267 418 2332; x_wconf 81' lang='lat' dir='ltr'>Sanctae</span> <span class='ocrx_word' id='word_1_154' title='bbox 449 2267 568 2332; x_wconf 82' lang='lat' dir='ltr'>Mariae</span> <span class='ocrx_word' id='word_1_155' title='bbox 598 2267 635 2332; x_wconf 89' lang='lat' dir='ltr'>de</span> <span class='ocrx_word' id='word_1_156' title='bbox 667 2267 770 2332; x_wconf 81' lang='lat' dir='ltr'>Monte</span> <span class='ocrx_word' id='word_1_157' title='bbox 800 2268 941 2334; x_wconf 84' lang='lat' dir='ltr'>Carmelo</span> <span class='ocrx_word' id='word_1_158' title='bbox 972 2269 1110 2347; x_wconf 78' lang='lat' dir='ltr'>constat,</span> <span class='ocrx_word' id='word_1_159' title='bbox 1145 2287 1274 2352; x_wconf 88' lang='lat' dir='ltr'>sequens</span> <span class='ocrx_word' id='word_1_160' title='bbox 1301 2267 1400 2332; x_wconf 87' lang='lat' dir='ltr'>oritur</span> 
     </span>
     <span class='ocr_line' id='line_1_20' title="bbox 161 2371 308 2436; baseline 0.007 -1"><span class='ocrx_word' id='word_1_161' title='bbox 161 2371 308 2436; x_wconf 88' lang='lat' dir='ltr'>dubium:</span> 
     </span>
    </p>

    <p class='ocr_par' dir='ltr' id='par_1_6' title="bbox 157 2473 1398 3078">
     <span class='ocr_line' id='line_1_21' title="bbox 262 2473 1396 2560; baseline 0 -20"><span class='ocrx_word' id='word_1_162' title='bbox 262 2475 372 2540; x_wconf 86' lang='lat' dir='ltr'>Utrum</span> <span class='ocrx_word' id='word_1_163' title='bbox 408 2473 649 2540; x_wconf 86' lang='lat' dir='ltr'>Constitutiones</span> <span class='ocrx_word' id='word_1_164' title='bbox 687 2475 889 2558; x_wconf 86' lang='lat' dir='ltr'>quarumdam</span> <span class='ocrx_word' id='word_1_165' title='bbox 929 2475 1131 2541; x_wconf 76' lang='lat' dir='ltr'>Familiarum</span> <span class='ocrx_word' id='word_1_166' title='bbox 1174 2475 1396 2560; x_wconf 85' lang='lat' dir='ltr'>religiosarum,</span> 
     </span>
     <span class='ocr_line' id='line_1_22' title="bbox 159 2578 1398 2662; baseline -0.001 -19"><span class='ocrx_word' id='word_1_167' title='bbox 159 2579 270 2662; x_wconf 88' lang='lat' dir='ltr'>quibus</span> <span class='ocrx_word' id='word_1_168' title='bbox 293 2580 426 2657; x_wconf 87' lang='lat' dir='ltr'>vetatur,</span> <span class='ocrx_word' id='word_1_169' title='bbox 453 2597 491 2642; x_wconf 89' lang='lat' dir='ltr'>ue</span> <span class='ocrx_word' id='word_1_170' title='bbox 513 2578 661 2644; x_wconf 78' lang='lat' dir='ltr'>Mortales</span> <span class='ocrx_word' id='word_1_171' title='bbox 684 2581 748 2645; x_wconf 88' lang='lat' dir='ltr'>sive</span> <span class='ocrx_word' id='word_1_172' title='bbox 771 2579 918 2662; x_wconf 84' lang='lat' dir='ltr'>Religiosi</span> <span class='ocrx_word' id='word_1_173' title='bbox 945 2579 1072 2644; x_wconf 88' lang='lat' dir='ltr'>Sacram</span> <span class='ocrx_word' id='word_1_174' title='bbox 1096 2580 1324 2646; x_wconf 74' lang='lat' dir='ltr'>Eucharistiam</span> <span class='ocrx_word' id='word_1_175' title='bbox 1349 2599 1398 2643; x_wconf 90' lang='lat' dir='ltr'>re-</span> 
     </span>
     <span class='ocr_line' id='line_1_23' title="bbox 157 2682 1396 2766; baseline 0 -20"><span class='ocrx_word' id='word_1_176' title='bbox 157 2682 273 2764; x_wconf 87' lang='lat' dir='ltr'>cipient</span> <span class='ocrx_word' id='word_1_177' title='bbox 295 2682 377 2746; x_wconf 88' lang='lat' dir='ltr'>ultra</span> <span class='ocrx_word' id='word_1_178' title='bbox 398 2686 497 2746; x_wconf 86' lang='lat' dir='ltr'>certos</span> <span class='ocrx_word' id='word_1_179' title='bbox 521 2686 552 2747; x_wconf 91' lang='lat' dir='ltr'>ot</span> <span class='ocrx_word' id='word_1_180' title='bbox 574 2683 709 2748; x_wconf 90' lang='lat' dir='ltr'>statutos</span> <span class='ocrx_word' id='word_1_181' title='bbox 732 2682 807 2762; x_wconf 87' lang='lat' dir='ltr'>dies,</span> <span class='ocrx_word' id='word_1_182' title='bbox 831 2683 999 2766; x_wconf 81' lang='lat' dir='ltr'>abrogatas</span> <span class='ocrx_word' id='word_1_183' title='bbox 1023 2683 1137 2748; x_wconf 87' lang='lat' dir='ltr'>luerint</span> <span class='ocrx_word' id='word_1_184' title='bbox 1159 2683 1191 2748; x_wconf 85' lang='lat' dir='ltr'>in</span> <span class='ocrx_word' id='word_1_185' title='bbox 1214 2682 1272 2748; x_wconf 91' lang='lat' dir='ltr'>boc</span> <span class='ocrx_word' id='word_1_186' title='bbox 1294 2683 1396 2766; x_wconf 84' lang='lat' dir='ltr'>capito</span> 
     </span>
     <span class='ocr_line' id='line_1_24' title="bbox 161 2785 1395 2863; baseline 0 -13"><span class='ocrx_word' id='word_1_187' title='bbox 161 2788 288 2850; x_wconf 87' lang='lat' dir='ltr'>Decreto</span> <span class='ocrx_word' id='word_1_188' title='bbox 313 2785 351 2851; x_wconf 87' lang='grc'>17</span> <span class='ocrx_word' id='word_1_189' title='bbox 377 2785 449 2850; x_wconf 88' lang='lat' dir='ltr'>Deo.</span> <span class='ocrx_word' id='word_1_190' title='bbox 478 2786 570 2863; x_wconf 81' lang='lat'>1890,</span> <span class='ocrx_word' id='word_1_191' title='bbox 596 2787 643 2851; x_wconf 91' lang='lat' dir='ltr'>ita</span> <span class='ocrx_word' id='word_1_192' title='bbox 667 2787 701 2852; x_wconf 92' lang='lat' dir='ltr'>ut</span> <span class='ocrx_word' id='word_1_193' title='bbox 724 2786 768 2851; x_wconf 91' lang='lat' dir='ltr'>eis</span> <span class='ocrx_word' id='word_1_194' title='bbox 788 2805 845 2852; x_wconf 87' lang='lat' dir='ltr'>non</span> <span class='ocrx_word' id='word_1_195' title='bbox 869 2787 1065 2852; x_wconf 86' lang='lat' dir='ltr'>obstantibus</span> <span class='ocrx_word' id='word_1_196' title='bbox 1088 2786 1181 2852; x_wconf 86' lang='lat' dir='ltr'>liceat</span> <span class='ocrx_word' id='word_1_197' title='bbox 1204 2787 1395 2852; x_wconf 85' lang='lat' dir='ltr'>Conlossario</span> 
     </span>
     <span class='ocr_line' id='line_1_25' title="bbox 159 2889 1396 2974; baseline 0 -20"><span class='ocrx_word' id='word_1_198' title='bbox 159 2889 395 2972; x_wconf 86' lang='lat' dir='ltr'>frequentiorem</span> <span class='ocrx_word' id='word_1_199' title='bbox 419 2907 576 2954; x_wconf 89' lang='lat' dir='ltr'>accessum</span> <span class='ocrx_word' id='word_1_200' title='bbox 600 2889 663 2955; x_wconf 89' lang='lat' dir='ltr'>suis</span> <span class='ocrx_word' id='word_1_201' title='bbox 688 2890 853 2974; x_wconf 85' lang='lat' dir='ltr'>Religiosis</span> <span class='ocrx_word' id='word_1_202' title='bbox 878 2890 1104 2972; x_wconf 87' lang='lat' dir='ltr'>poenitentibus</span> <span class='ocrx_word' id='word_1_203' title='bbox 1133 2890 1316 2969; x_wconf 84' lang='lat' dir='ltr'>concedere,</span> <span class='ocrx_word' id='word_1_204' title='bbox 1349 2891 1396 2954; x_wconf 86' lang='lat' dir='ltr'>rol</span> 
     </span>
     <span class='ocr_line' id='line_1_26' title="bbox 158 2993 1211 3078; baseline 0 -21"><span class='ocrx_word' id='word_1_205' title='bbox 158 2995 258 3058; x_wconf 81' lang='lat' dir='ltr'>adbuc</span> <span class='ocrx_word' id='word_1_206' title='bbox 282 2996 350 3075; x_wconf 87' lang='lat' dir='ltr'>post</span> <span class='ocrx_word' id='word_1_207' title='bbox 370 2996 571 3058; x_wconf 89' lang='lat' dir='ltr'>memoratum</span> <span class='ocrx_word' id='word_1_208' title='bbox 596 2993 761 3058; x_wconf 86' lang='lat' dir='ltr'>Decretum</span> <span class='ocrx_word' id='word_1_209' title='bbox 784 2994 815 3058; x_wconf 94' lang='lat' dir='ltr'>in</span> <span class='ocrx_word' id='word_1_210' title='bbox 840 2995 943 3078; x_wconf 86' lang='lat' dir='ltr'>vigore</span> <span class='ocrx_word' id='word_1_211' title='bbox 967 2995 1138 3058; x_wconf 76' lang='lat' dir='ltr'>maneant?</span> <span class='ocrx_word' id='word_1_212' title='bbox 1210 3073 1211 3078; x_wconf 5' lang='grc' dir='ltr'>ἵ</span> 
     </span>
    </p>

    <p class='ocr_par' dir='ltr' id='par_1_7' title="bbox 264 3095 500 3174">
     <span class='ocr_line' id='line_1_27' title="bbox 264 3095 500 3174; baseline 0.008 -15"><span class='ocrx_word' id='word_1_213' title='bbox 264 3097 303 3159; x_wconf 79' lang='lat' dir='ltr'>llt</span> <span class='ocrx_word' id='word_1_214' title='bbox 328 3095 418 3174; x_wconf 83' lang='lat' dir='ltr'>Deus,</span> <span class='ocrx_word' id='word_1_215' title='bbox 443 3099 500 3161; x_wconf 89' lang='lat' dir='ltr'>etc.</span> 
     </span>
    </p>

    <p class='ocr_par' dir='ltr' id='par_1_8' title="bbox 157 3197 1397 3491">
     <span class='ocr_line' id='line_1_28' title="bbox 261 3197 1393 3282; baseline 0 -18"><span class='ocrx_word' id='word_1_216' title='bbox 261 3198 354 3264; x_wconf 81' lang='lat' dir='ltr'>Sacra</span> <span class='ocrx_word' id='word_1_217' title='bbox 377 3198 583 3282; x_wconf 72' lang='lat' dir='ltr'>congregatio</span> <span class='ocrx_word' id='word_1_218' title='bbox 607 3199 751 3263; x_wconf 78' lang='lat' dir='ltr'>Emonam</span> <span class='ocrx_word' id='word_1_219' title='bbox 776 3199 921 3264; x_wconf 74' lang='lat' dir='ltr'>limorum</span> <span class='ocrx_word' id='word_1_220' title='bbox 942 3197 971 3264; x_wconf 80' lang='lat' dir='ltr'>S.</span> <span class='ocrx_word' id='word_1_221' title='bbox 994 3200 1027 3263; x_wconf 82' lang='lat' dir='ltr'>u.</span> <span class='ocrx_word' id='word_1_222' title='bbox 1047 3199 1082 3264; x_wconf 82' lang='lat' dir='ltr'>a.</span> <span class='ocrx_word' id='word_1_223' title='bbox 1107 3197 1316 3264; x_wconf 84' lang='lat' dir='ltr'>Cardinalium</span> <span class='ocrx_word' id='word_1_224' title='bbox 1338 3218 1393 3264; x_wconf 88' lang='lat' dir='ltr'>ne-</span> 
     </span>
     <span class='ocr_line' id='line_1_29' title="bbox 158 3303 1397 3388; baseline 0.002 -22"><span class='ocrx_word' id='word_1_225' title='bbox 158 3303 251 3385; x_wconf 81' lang='lat' dir='ltr'>gotiis</span> <span class='ocrx_word' id='word_1_226' title='bbox 274 3306 305 3368; x_wconf 90' lang='lat' dir='ltr'>et</span> <span class='ocrx_word' id='word_1_227' title='bbox 327 3303 602 3368; x_wconf 86' lang='lat' dir='ltr'>consultationibus</span> <span class='ocrx_word' id='word_1_228' title='bbox 618 3303 837 3388; x_wconf 82' lang='lat' dir='ltr'>Episcoporum</span> <span class='ocrx_word' id='word_1_229' title='bbox 854 3306 885 3367; x_wconf 89' lang='lat' dir='ltr'>et</span> <span class='ocrx_word' id='word_1_230' title='bbox 904 3303 1104 3387; x_wconf 84' lang='lat' dir='ltr'>Regularium</span> <span class='ocrx_word' id='word_1_231' title='bbox 1123 3303 1305 3386; x_wconf 85' lang='lat' dir='ltr'>praeposita,</span> <span class='ocrx_word' id='word_1_232' title='bbox 1327 3323 1397 3386; x_wconf 91' lang='lat' dir='ltr'>pro·</span> 
     </span>
     <span class='ocr_line' id='line_1_30' title="bbox 157 3407 1115 3491; baseline 0.002 -21"><span class='ocrx_word' id='word_1_233' title='bbox 157 3407 265 3489; x_wconf 90' lang='lat' dir='ltr'>positis</span> <span class='ocrx_word' id='word_1_234' title='bbox 289 3407 390 3470; x_wconf 87' lang='lat' dir='ltr'>dubiis</span> <span class='ocrx_word' id='word_1_235' title='bbox 412 3407 654 3490; x_wconf 82' lang='lat' dir='ltr'>respondendum</span> <span class='ocrx_word' id='word_1_236' title='bbox 680 3408 799 3473; x_wconf 89' lang='lat' dir='ltr'>censuit</span> <span class='ocrx_word' id='word_1_237' title='bbox 824 3407 913 3491; x_wconf 90' lang='lat' dir='ltr'>prout</span> <span class='ocrx_word' id='word_1_238' title='bbox 937 3407 1115 3489; x_wconf 81' lang='lat' dir='ltr'>respondet:</span> 
     </span>
    </p>

    <p class='ocr_par' dir='ltr' id='par_1_9' title="bbox 263 3509 1393 3594">
     <span class='ocr_line' id='line_1_31' title="bbox 263 3509 1393 3594; baseline 0.003 -21"><span class='ocrx_word' id='word_1_239' title='bbox 263 3509 310 3573; x_wconf 84' lang='lat' dir='ltr'>Ad</span> <span class='ocrx_word' id='word_1_240' title='bbox 333 3509 369 3576; x_wconf 87' lang='lat'>1:</span> <span class='ocrx_word' id='word_1_241' title='bbox 394 3511 541 3594; x_wconf 77' lang='lat' dir='ltr'>Nepotioe</span> <span class='ocrx_word' id='word_1_242' title='bbox 564 3511 607 3575; x_wconf 81' lang='lat' dir='ltr'>acl</span> <span class='ocrx_word' id='word_1_243' title='bbox 625 3513 765 3592; x_wconf 83' lang='lat' dir='ltr'>primum</span> <span class='ocrx_word' id='word_1_244' title='bbox 781 3518 917 3593; x_wconf 79' lang='lat' dir='ltr'>partem,</span> <span class='ocrx_word' id='word_1_245' title='bbox 940 3512 1131 3594; x_wconf 66' lang='lat' dir='ltr'>affirmative</span> <span class='ocrx_word' id='word_1_246' title='bbox 1152 3511 1195 3575; x_wconf 81' lang='lat' dir='ltr'>ori</span> <span class='ocrx_word' id='word_1_247' title='bbox 1213 3511 1393 3576; x_wconf 78' lang='lat' dir='ltr'>secundam.</span> 
     </span>
    </p>

    <p class='ocr_par' dir='ltr' id='par_1_10' title="bbox 157 3611 1395 3887">
     <span class='ocr_line' id='line_1_32' title="bbox 262 3611 1395 3696; baseline 0.002 -19"><span class='ocrx_word' id='word_1_248' title='bbox 262 3611 313 3677; x_wconf 83' lang='lat' dir='ltr'>Ad</span> <span class='ocrx_word' id='word_1_249' title='bbox 336 3611 385 3677; x_wconf 90' lang='lat'>11:</span> <span class='ocrx_word' id='word_1_250' title='bbox 412 3613 628 3696; x_wconf 80' lang='lat' dir='ltr'>Affirmotioe;</span> <span class='ocrx_word' id='word_1_251' title='bbox 656 3614 712 3680; x_wconf 81' lang='lat' dir='ltr'>sed</span> <span class='ocrx_word' id='word_1_252' title='bbox 738 3614 856 3680; x_wconf 80' lang='lat' dir='ltr'>subditi</span> <span class='ocrx_word' id='word_1_253' title='bbox 883 3619 1066 3680; x_wconf 83' lang='lat' dir='ltr'>moneantur</span> <span class='ocrx_word' id='word_1_254' title='bbox 1086 3633 1150 3680; x_wconf 76' lang='lat' dir='ltr'>nors</span> <span class='ocrx_word' id='word_1_255' title='bbox 1172 3634 1266 3695; x_wconf 80' lang='lat' dir='ltr'>posse</span> <span class='ocrx_word' id='word_1_256' title='bbox 1289 3620 1395 3679; x_wconf 77' lang='lat' dir='ltr'>extro-</span> 
     </span>
     <span class='ocr_line' id='line_1_33' title="bbox 157 3715 1395 3801; baseline 0.002 -20"><span class='ocrx_word' id='word_1_257' title='bbox 157 3717 339 3783; x_wconf 70' lang='lat' dir='ltr'>ordinarios</span> <span class='ocrx_word' id='word_1_258' title='bbox 370 3715 585 3799; x_wconf 77' lang='lat' dir='ltr'>Confossurios</span> <span class='ocrx_word' id='word_1_259' title='bbox 611 3723 729 3799; x_wconf 79' lang='lat' dir='ltr'>petere,</span> <span class='ocrx_word' id='word_1_260' title='bbox 759 3719 824 3784; x_wconf 81' lang='lat' dir='ltr'>nisi</span> <span class='ocrx_word' id='word_1_261' title='bbox 852 3718 896 3783; x_wconf 74' lang='lat' dir='ltr'>od</span> <span class='ocrx_word' id='word_1_262' title='bbox 925 3717 961 3783; x_wconf 81' lang='lat' dir='ltr'>id</span> <span class='ocrx_word' id='word_1_263' title='bbox 980 3717 1159 3801; x_wconf 73' lang='lat' dir='ltr'>astipuletur,</span> <span class='ocrx_word' id='word_1_264' title='bbox 1182 3723 1217 3783; x_wconf 82' lang='lat' dir='ltr'>ut</span> <span class='ocrx_word' id='word_1_265' title='bbox 1241 3717 1395 3800; x_wconf 83' lang='lat' dir='ltr'>propriae</span> 
     </span>
     <span class='ocr_line' id='line_1_34' title="bbox 157 3821 555 3887; baseline 0.003 -1"><span class='ocrx_word' id='word_1_266' title='bbox 157 3821 363 3886; x_wconf 79' lang='lat' dir='ltr'>conscientiae</span> <span class='ocrx_word' id='word_1_267' title='bbox 385 3821 555 3887; x_wconf 76' lang='lat' dir='ltr'>consulunt.</span> 
     </span>
    </p>

    <p class='ocr_par' dir='ltr' id='par_1_11' title="bbox 262 3923 1394 4008">
     <span class='ocr_line' id='line_1_35' title="bbox 262 3923 1394 4008; baseline 0.001 -19"><span class='ocrx_word' id='word_1_268' title='bbox 262 3923 310 3989; x_wconf 84' lang='lat' dir='ltr'>Ad</span> <span class='ocrx_word' id='word_1_269' title='bbox 336 3923 400 3989; x_wconf 89' lang='lat' dir='ltr'>lII:</span> <span class='ocrx_word' id='word_1_270' title='bbox 424 3925 573 4006; x_wconf 82' lang='lat' dir='ltr'>Nepotioe</span> <span class='ocrx_word' id='word_1_271' title='bbox 592 3925 635 3990; x_wconf 81' lang='lat' dir='ltr'>ud</span> <span class='ocrx_word' id='word_1_272' title='bbox 647 3925 931 4007; x_wconf 61' lang='lat' dir='ltr'>praesumpsero,</span> <span class='ocrx_word' id='word_1_273' title='bbox 955 3926 1143 4008; x_wconf 76' lang='lat' dir='ltr'>affirmative</span> <span class='ocrx_word' id='word_1_274' title='bbox 1158 3925 1394 3991; x_wconf 74' lang='lat' dir='ltr'>aduocandum.</span> 
     </span>
    </p>

    <p class='ocr_par' dir='ltr' id='par_1_12' title="bbox 154 4025 1396 4421">
     <span class='ocr_line' id='line_1_36' title="bbox 261 4025 1395 4112; baseline 0.001 -21"><span class='ocrx_word' id='word_1_275' title='bbox 261 4027 328 4108; x_wconf 89' lang='lat' dir='ltr'>Quo</span> <span class='ocrx_word' id='word_1_276' title='bbox 343 4047 412 4093; x_wconf 80' lang='lat' dir='ltr'>vero</span> <span class='ocrx_word' id='word_1_277' title='bbox 429 4027 466 4092; x_wconf 86' lang='lat' dir='ltr'>ad</span> <span class='ocrx_word' id='word_1_278' title='bbox 483 4031 668 4110; x_wconf 87' lang='lat' dir='ltr'>postremum</span> <span class='ocrx_word' id='word_1_279' title='bbox 684 4028 823 4106; x_wconf 82' lang='lat' dir='ltr'>dublum,</span> <span class='ocrx_word' id='word_1_280' title='bbox 844 4027 923 4112; x_wconf 83' lang='lat' dir='ltr'>quod</span> <span class='ocrx_word' id='word_1_281' title='bbox 943 4029 1176 4112; x_wconf 80' lang='lat' dir='ltr'>frequentiorem</span> <span class='ocrx_word' id='word_1_282' title='bbox 1195 4029 1231 4091; x_wconf 88' lang='lat' dir='ltr'>ad</span> <span class='ocrx_word' id='word_1_283' title='bbox 1249 4025 1278 4094; x_wconf 82' lang='lat' dir='ltr'>S.</span> <span class='ocrx_word' id='word_1_284' title='bbox 1296 4027 1395 4112; x_wconf 82' lang='lat' dir='ltr'>Syna·</span> 
     </span>
     <span class='ocr_line' id='line_1_37' title="bbox 156 4130 1393 4215; baseline 0.002 -19"><span class='ocrx_word' id='word_1_285' title='bbox 156 4131 205 4196; x_wconf 85' lang='lat' dir='ltr'>niu</span> <span class='ocrx_word' id='word_1_286' title='bbox 230 4149 386 4196; x_wconf 88' lang='lat' dir='ltr'>accessum</span> <span class='ocrx_word' id='word_1_287' title='bbox 409 4149 502 4215; x_wconf 85' lang='lat' dir='ltr'>qrrarn</span> <span class='ocrx_word' id='word_1_288' title='bbox 526 4131 634 4195; x_wconf 88' lang='lat' dir='ltr'>diebus</span> <span class='ocrx_word' id='word_1_289' title='bbox 658 4131 785 4196; x_wconf 89' lang='lat' dir='ltr'>statutis</span> <span class='ocrx_word' id='word_1_290' title='bbox 804 4132 836 4195; x_wconf 92' lang='lat' dir='ltr'>in</span> <span class='ocrx_word' id='word_1_291' title='bbox 858 4131 987 4215; x_wconf 87' lang='lat' dir='ltr'>propriis</span> <span class='ocrx_word' id='word_1_292' title='bbox 1008 4130 1123 4215; x_wconf 85' lang='lat' dir='ltr'>regulis</span> <span class='ocrx_word' id='word_1_293' title='bbox 1146 4131 1279 4214; x_wconf 83' lang='lat' dir='ltr'>respicit,</span> <span class='ocrx_word' id='word_1_294' title='bbox 1303 4133 1393 4198; x_wconf 85' lang='lat' dir='ltr'>abro-</span> 
     </span>
     <span class='ocr_line' id='line_1_38' title="bbox 154 4233 1396 4320; baseline 0 -19"><span class='ocrx_word' id='word_1_295' title='bbox 154 4241 247 4318; x_wconf 83' lang='lat' dir='ltr'>putos</span> <span class='ocrx_word' id='word_1_296' title='bbox 269 4236 438 4303; x_wconf 65' lang='lat' dir='ltr'>cernendos</span> <span class='ocrx_word' id='word_1_297' title='bbox 460 4255 524 4301; x_wconf 81' lang='lat' dir='ltr'>csse</span> <span class='ocrx_word' id='word_1_298' title='bbox 548 4233 798 4312; x_wconf 57' lang='lat' dir='ltr'>&amp;corbulonem</span> <span class='ocrx_word' id='word_1_299' title='bbox 820 4238 931 4320; x_wconf 76' lang='lat' dir='ltr'>picibus</span> <span class='ocrx_word' id='word_1_300' title='bbox 945 4241 1073 4316; x_wconf 83' lang='lat' dir='ltr'>vetatur,</span> <span class='ocrx_word' id='word_1_301' title='bbox 1098 4257 1136 4300; x_wconf 85' lang='lat' dir='ltr'>ue</span> <span class='ocrx_word' id='word_1_302' title='bbox 1155 4235 1315 4301; x_wconf 84' lang='lat' dir='ltr'>Moniules</span> <span class='ocrx_word' id='word_1_303' title='bbox 1330 4237 1396 4301; x_wconf 82' lang='lat' dir='ltr'>stuc</span> 
     </span>
     <span class='ocr_line' id='line_1_39' title="bbox 157 4338 1392 4421; baseline -0.002 -16"><span class='ocrx_word' id='word_1_304' title='bbox 157 4338 314 4421; x_wconf 82' lang='lat' dir='ltr'>Relipiosi</span> <span class='ocrx_word' id='word_1_305' title='bbox 330 4339 463 4406; x_wconf 83' lang='lat' dir='ltr'>Sacram</span> <span class='ocrx_word' id='word_1_306' title='bbox 480 4339 718 4405; x_wconf 68' lang='lat' dir='ltr'>Euobomstiom</span> <span class='ocrx_word' id='word_1_307' title='bbox 733 4340 886 4421; x_wconf 82' lang='lat' dir='ltr'>recipiunt</span> <span class='ocrx_word' id='word_1_308' title='bbox 899 4339 985 4406; x_wconf 82' lang='lat' dir='ltr'>ultro</span> <span class='ocrx_word' id='word_1_309' title='bbox 1009 4346 1107 4406; x_wconf 79' lang='lat' dir='ltr'>certos</span> <span class='ocrx_word' id='word_1_310' title='bbox 1122 4345 1150 4406; x_wconf 80' lang='lat' dir='ltr'>ct</span> <span class='ocrx_word' id='word_1_311' title='bbox 1168 4343 1299 4405; x_wconf 54' lang='lat' dir='ltr'>stantes</span> <span class='ocrx_word' id='word_1_312' title='bbox 1316 4339 1392 4404; x_wconf 82' lang='lat' dir='ltr'>dica.</span> 
     </span>
    </p>

    <p class='ocr_par' dir='ltr' id='par_1_13' title="bbox 262 4441 743 4526">
     <span class='ocr_line' id='line_1_40' title="bbox 262 4441 743 4526; baseline -0.002 -18"><span class='ocrx_word' id='word_1_313' title='bbox 262 4443 385 4523; x_wconf 84' lang='lat' dir='ltr'>Romae,</span> <span class='ocrx_word' id='word_1_314' title='bbox 413 4443 462 4508; x_wconf 85' lang='lat'>17.</span> <span class='ocrx_word' id='word_1_315' title='bbox 488 4441 623 4526; x_wconf 72' lang='lat' dir='ltr'>burgasti</span> <span class='ocrx_word' id='word_1_316' title='bbox 648 4441 743 4507; x_wconf 83' lang='lat'>1891.</span> 
     </span>
    </p>

    <p class='ocr_par' dir='ltr' id='par_1_14' title="bbox 710 4544 1201 4630">
     <span class='ocr_line' id='line_1_41' title="bbox 710 4544 1201 4630; baseline -0.002 -21"><span class='ocrx_word' id='word_1_317' title='bbox 710 4544 735 4613; x_wconf 94' lang='grc' dir='ltr'>Ι.</span> <span class='ocrx_word' id='word_1_318' title='bbox 758 4544 849 4612; x_wconf 81' lang='lat' dir='ltr'>Gard.</span> <span class='ocrx_word' id='word_1_319' title='bbox 882 4545 986 4630; x_wconf 80' lang='lat' dir='ltr'>Verpa,</span> <span class='ocrx_word' id='word_1_320' title='bbox 1012 4546 1201 4611; x_wconf 84' lang='lat' dir='ltr'>Praefectus.</span> 
     </span>
    </p>
   </div>
   <div class='ocr_carea' id='block_1_3' title="bbox 606 4649 1289 4738">
    <p class='ocr_par' dir='ltr' id='par_1_15' title="bbox 606 4649 1289 4738">
     <span class='ocr_line' id='line_1_42' title="bbox 606 4649 1289 4738; baseline 0 -22"><span class='ocrx_word' id='word_1_321' title='bbox 606 4650 662 4716; x_wconf 60' lang='grc' dir='ltr'>Η.</span> <span class='ocrx_word' id='word_1_322' title='bbox 686 4649 847 4738; x_wconf 69' lang='lat' dir='ltr'>Atoysiua</span> <span class='ocrx_word' id='word_1_323' title='bbox 873 4651 925 4735; x_wconf 79' lang='lat' dir='ltr'>Ep.</span> <span class='ocrx_word' id='word_1_324' title='bbox 950 4651 1150 4731; x_wconf 62' lang='lat' dir='ltr'>Gottinioeo„</span> <span class='ocrx_word' id='word_1_325' title='bbox 1175 4649 1289 4716; x_wconf 82' lang='lat' dir='ltr'>Secret.</span> 
     </span>
    </p>
   </div>
   <div class='ocr_carea' id='block_1_4' title="bbox 0 0 1636 4914">
    <p class='ocr_par' dir='ltr' id='par_1_16' title="bbox 0 0 1636 4914">
     <span class='ocr_line' id='line_1_43' title="bbox 0 0 1636 4914; baseline 0 2"><span class='ocrx_word' id='word_1_326' title='bbox 0 0 1636 4914; x_wconf 95' lang='lat' dir='ltr'> </span> 
     </span>
    </p>
   </div>
  </div>
 </body>
</html>
