3200 4916
241 267 305 334 392
352 283 536 353 Verletburap
555 285 607 338 dee
627 283 763 336 Pettium
782 298 824 336 ura
843 281 972 351 Btsubof
988 281 1147 347 Scncstrep
1166 297 1206 334 su
1230 279 1434 349 chcnsburp.

265 461 294 522 2.
327 457 378 522 SS.
406 455 558 520 DOMINI
584 453 736 518 NOSTRI
760 453 884 518 teonis
911 454 991 517 DlV.
1020 451 1185 518 PROVlD.
1213 453 1349 516 anss
1374 451 1465 518 Xlll.

340 597 442 660 Breve
464 594 679 676 Apostolicum
702 594 804 674 quood
823 594 1023 672 privilepc'om
1046 599 1075 656 et
1099 612 1190 656 usum
1211 592 1243 656 S.
1270 591 1378 656 Pollii.

723 723 786 811 neo
811 747 878 812 121³.
907 746 1009 813 xrrr.
1071 711 1073 716 ’

319 903 511 970 Venerabilis
535 903 653 980 llrater,
676 901 814 968 Salutem
836 904 868 966 ct
892 903 1103 986 Apostolicam
1131 901 1397 966 benedictionem!

347 1043 467 1108 llximia
491 1044 571 1106 recte
594 1040 745 1106 factorum
769 1041 856 1114 laus,
887 1061 979 1125 quam
1010 1042 1048 1105 de
1079 1041 1249 1106 animarum
1275 1040 1375 1106 salute
1399 1041 1492 1104 solli-

244 1150 324 1214 citus
357 1147 532 1228 optimeque
568 1145 606 1210 de
644 1145 782 1210 Ecclesia
822 1163 942 1210 merens
980 1145 1050 1210 Tibi
1087 1146 1117 1208 in
1152 1145 1325 1227 Episcopali
1360 1162 1491 1209 munere

243 1253 381 1336 quatuor·
396 1253 429 1314 et
452 1250 583 1332 triginta
606 1249 718 1314 abhinc
742 1249 831 1314 aunis
854 1249 1027 1332 exequendo
1052 1249 1257 1332 comparasti,
1284 1249 1490 1314 immutatum

244 1374 320 1439 erga
355 1354 524 1418 Romanam
560 1353 748 1418 Catbedram
787 1352 987 1435 obsequium,
1028 1354 1106 1416 aliae
1140 1352 1271 1435 denique
1309 1353 1492 1435 praeclarae

245 1461 384 1538 virtutes,
406 1457 516 1541 quibus
532 1457 563 1520 iu
580 1457 751 1538 exemplum
769 1457 900 1522 caeteris
916 1457 1102 1539 praetulges,
1121 1456 1218 1520 Nobis
1239 1457 1328 1521 facile
1344 1455 1492 1530 suadent,

247 1569 282 1626 ut
303 1563 347 1628 Te
367 1560 586 1644 perhonorifice
608 1560 723 1644 insigni
747 1561 934 1640 decoremus,
959 1561 1039 1644 quod
1064 1560 1138 1625 Tuis
1164 1561 1282 1624 meritis
1304 1560 1494 1643 respondens
1580 1611 1581 1616 1

245 1667 390 1731 Nostram
417 1645 447 1728 in
477 1664 520 1728 Te
549 1664 789 1728 benevolentiam
823 1683 1015 1748 summopere
1046 1667 1188 1731 testetur.
1241 1664 1342 1746 Quare
1371 1664 1415 1728 Te
1450 1667 1492 1728 ab

245 1769 403 1853 quibusvis
425 1768 767 1846 excommunicationis,
791 1769 997 1850 suspensionis
1019 1771 1051 1833 et
1073 1769 1252 1845 interdicti,
1281 1768 1411 1851 aliisque
1433 1789 1491 1832 ec-

246 1872 428 1938 clesiasticis
451 1871 605 1948 censuris,
636 1872 799 1936 sententiis
822 1876 854 1936 et
878 1873 981 1954 poenis
1004 1873 1111 1955 quovis
1134 1873 1223 1936 modo
1247 1873 1292 1936 vel
1318 1871 1426 1956 quavis
1453 1873 1493 1936 de

246 1996 339 2042 causa
361 1976 450 2052 latis,
475 1976 501 2041 si
525 1994 600 2059 quas
624 1975 703 2041 forte
724 1976 906 2052 incurreris,
931 1977 1022 2042 buius
1046 1978 1167 2042 tantum
1194 1977 1235 2041 rei
1260 1977 1363 2060 gratia
1385 1977 1494 2040 absol-

247 2083 363 2156 ventes,
385 2083 417 2145 et
440 2080 614 2144 absolutum
635 2081 698 2144 tore
722 2083 890 2158 censentes,
915 2081 1100 2146 auctoritate
1126 2079 1241 2145 Nostra
1264 2101 1318 2163 per
1341 2081 1397 2144 bas
1422 2081 1492 2147 Lit-

246 2188 330 2251 teras
357 2184 444 2250 Sacri
468 2183 560 2249 Pallii
583 2183 762 2268 privilegio,
795 2187 924 2248 servatis
947 2185 1123 2262 servandis,
1155 2185 1334 2250 decoramus
1358 2185 1493 2268 Tibique

246 2289 349 2354 omnia
371 2291 403 2353 et
425 2287 549 2373 singula
571 2287 737 2353 deferimus
758 2288 845 2363 iura,
873 2288 1052 2372 privilegia,
1077 2289 1323 2375 praerogativae,
1354 2287 1492 2364 indulta,

245 2394 357 2476 quibus
381 2393 434 2456 alii
459 2391 634 2475 huiusmodi
658 2392 770 2458 honore
796 2393 879 2457 aucti
902 2412 937 2456 ex
962 2412 1018 2456 usu
1042 2396 1072 2457 et
1095 2392 1316 2458 consuetudine
1347 2394 1493 2468 utuntur,

246 2498 389 2561 fruuntur
413 2495 461 2561 vel
483 2495 547 2573 uti,
572 2496 629 2559 frui
653 2498 780 2577 possunt
802 2515 838 2560 ac
863 2498 1016 2579 poterunt.
1063 2497 1131 2562 Non
1155 2497 1349 2561 obstantibus
1372 2498 1493 2560 consti·

171 2679 175 2692 ι
246 2600 419 2664 tutiouibus
448 2601 478 2664 et
509 2599 753 2664 ordinationibus
785 2599 989 2682 apostolicis,
1025 2601 1195 2683 ceterisque
1228 2600 1391 2664 contrariis
1420 2601 1493 2684 qui-

248 2705 445 2787 buscumque.

351 2825 466 2890 Datum
499 2825 613 2890 &mae
646 2824 725 2906 apud
756 2822 883 2888 Saetum
920 2823 1044 2888 Petrum
1074 2824 1131 2889 sub
1165 2824 1289 2888 Annulo
1322 2824 1494 2890 Piscatoris

247 2927 296 2994 die
320 2930 349 2992 4.
371 2928 447 2994 blaii
468 2929 550 2994 1892
576 2927 779 2993 Pontificatus
803 2928 909 2992 Nostri
934 2929 1021 2991 Anne
1045 2928 1164 2992 decimo
1186 2929 1303 3011 quinto.

349 3069 396 3152 (L.
421 3066 441 3152 †
464 3068 509 3146 S.)
689 3068 722 3136 S.
744 3067 834 3134 earu.
865 3067 1052 3133 Vunnutclli.

247 3223 401 3279 Venerabili
421 3223 513 3278 Fratri
531 3225 641 3294 ignatio
660 3223 693 3278 (le
711 3223 854 3292 Senastrey

368 3309 499 3380 Episcopo
518 3310 715 3366 Ratisbonensi.
