3264 4914
710 751 831 835 rxrrr.

314 858 318 867 Ι
396 901 548 983 Decreta
575 903 880 1002 concrepationem
909 901 1148 982 Romanorum.

437 1087 460 1138 l.
491 1084 518 1139 S.
539 1083 637 1153 congr.
656 1084 769 1140 concilii
786 1085 811 1138 d.
823 1083 848 1138 d.
870 1084 910 1139 14.
929 1084 999 1152 Aug.
1020 1082 1095 1137 1863.

480 1196 593 1250 Atureu.
612 1195 709 1266 (hire).
727 1196 833 1252 Jurium
852 1195 1053 1264 parochialium.

411 1315 514 1385 [Ranae
532 1315 735 1386 ecclesiasticae
753 1319 787 1371 de
805 1315 877 1371 liuta
895 1315 1005 1386 (iirrier
1025 1314 1124 1383 recall.

454 1445 637 1510 Beatissimo
661 1447 762 1525 Pater,

253 1567 424 1631 laudunicus
437 1565 537 1631 Maria
550 1566 703 1632 Oliverius
717 1568 857 1650 Epivent,
875 1567 1042 1652 Episcopus
1058 1566 1213 1632 Ecclesiae
1227 1564 1389 1630 Aturensis

149 1671 181 1734 et
202 1670 355 1754 Aquensis
378 1670 407 1734 iu
433 1670 554 1750 Gallia,
588 1671 626 1736 ad
649 1670 833 1737 Sanctitatis
856 1671 986 1736 Vestrae
1011 1671 1101 1754 pedes
1121 1669 1318 1753 provolutus,
1341 1688 1389 1733 res

149 1776 320 1857 sequentes,
344 1774 382 1839 ad
406 1774 520 1838 bouum
543 1793 616 1840 auae
640 1775 787 1840 dioecesis
810 1775 953 1857 exponit:

253 1878 407 1943 Parocbns
427 1878 551 1960 quidam
576 1878 730 1944 Dioecesis
754 1879 916 1943 aturensis
938 1879 969 1942 iu
993 1879 1067 1942 urbe
1089 1897 1168 1961 quae
1192 1877 1286 1942 habet
1304 1876 1390 1940 5574

151 1980 336 2060 habitantes,
360 2001 418 2046 nou
439 1983 609 2046 numeratis
629 1982 783 2048 militibus
805 1984 837 2047 et
859 1983 1030 2060 extraneis,
1052 1982 1233 2065 jamdudum
1257 1999 1388 2062 conque·

149 2085 230 2149 ritur
260 2085 298 2148 de
326 2084 443 2150 credita
470 2086 585 2169 jurium
617 2103 740 2152 suorum
773 2085 906 2150 laesione
930 2086 960 2149 iu
986 2086 1085 2150 tribus
1109 2083 1389 2149 communitatibus

149 2187 218 2253 sitis
241 2187 274 2252 in
297 2189 424 2254 civitate
443 2207 507 2256 sua.
546 2189 674 2272 iusuper
695 2189 849 2273 inquietat
871 2188 1052 2272 Capellanos
1074 2190 1112 2253 ab
1134 2188 1283 2271 Episcopo
1300 2187 1389 2250 Oum-

149 2291 355 2356 munitatibus
384 2293 572 2376 praepositos
605 2293 746 2377 ipsasque
778 2293 923 2358 mulieres
955 2292 1135 2376 religiosas,
1164 2311 1243 2376 quae
1268 2289 1388 2356 duabus

150 2394 424 2460 communitatibus
447 2397 628 2464 inserviunt.

254 2499 348 2564 Porro
371 2500 428 2564 hae
451 2503 524 2566 sunt
546 2503 610 2566 tres
632 2500 887 2567 communitates:

254 2603 288 2667 1⁰
310 2603 479 2688 Collegium
501 2604 741 2670 adolescentium
767 2604 971 2670 humanitatis
997 2603 1109 2669 studiis
1131 2603 1386 2670 incumbentium.

150 2707 335 2790 Capellauus
356 2708 479 2791 quidem
503 2708 541 2774 ad
565 2708 713 2792 Episcopo
736 2709 913 2774 nominatur
932 2710 964 2773 et
986 2708 1180 2792 approbatur,
1205 2706 1259 2772 sed
1282 2726 1300 2772 a
1323 2706 1384 2772 Gn·

149 2811 253 2876 baruio
274 2829 328 2876 seu
351 2813 402 2876 ab‘
416 2812 622 2878 Universitate
644 2813 804 2896 accipitur.
835 2812 934 2890 Solus,
959 2812 1046 2895 juxta
1068 2812 1170 2895 legem
1195 2811 1316 2876 civilem
1336 2812 1387 2893 jus

149 2914 244 2979 habet
266 2914 443 2998 providendi
465 2917 544 2982 bono
563 2917 717 3000 spirituali
738 2917 959 3000 magistrorum
982 2917 1014 2981 et
1034 2916 1238 2982 alumnorum.

252 3019 287 3082 2⁰
310 3017 576 3086 Conservatorium
601 3021 632 3084 iu
656 3038 716 3103 quo
738 3021 886 3104 plurimas
919 3019 1038 3104 puellae
1067 3019 1214 3083 erudiunt
1245 3017 1388 3084 mulieres

149 3122 311 3206 religiosae
333 3123 470 3188 virentes
492 3124 549 3188 sub
571 3124 687 3208 regula,
711 3143 802 3208 quam
826 3123 1037 3208 tranquilliter
1059 3124 1228 3206 sequuntur
1243 3122 1274 3186 iu
1295 3122 1389 3186 variis

149 3225 219 3290 aliis
246 3226 451 3306 dioecesibus,
482 3228 683 3310 probantibus
715 3228 873 3310 Episcopis
901 3231 933 3293 at
964 3246 1022 3292 nou
1054 3226 1295 3292 reclamantibus
1318 3225 1388 3290 aliis

149 3330 299 3412 parochis.

252 3436 287 3498 3⁰
308 3434 467 3517 Hospitale
492 3436 626 3501 militare
649 3439 680 3501 et
699 3436 798 3512 civile,
821 3435 873 3499 ubi
898 3434 1086 3518 recipiuntur
1101 3434 1213 3498 infirmi
1231 3435 1386 3516 variarum

149 3539 367 3619 paroeciarum,
392 3539 480 3622 quua
503 3538 703 3621 Capelianum
726 3540 824 3621 eligit,
849 3559 917 3604 cum
941 3555 1088 3602 concursu
1113 3539 1263 3622 Episcopi,
1283 3543 1387 3622 potes·

149 3642 198 3705 tas
222 3643 339 3718 civilis,
363 3661 418 3706 nec
441 3643 582 3726 agnoscit
602 3643 697 3707 alium
720 3643 896 3707 ministrum
920 3642 1039 3720 cultus,
1070 3661 1108 3708 ne
1130 3642 1296 3725 parochum
1319 3644 1388 3724 qui-

150 3746 230 3822 dam,
253 3749 375 3828 praeter
398 3747 499 3830 ipsum
524 3745 734 3829 Capelianum.

253 3849 438 3916 Functiones
459 3850 685 3916 ecclesiasticae
708 3869 784 3932 quas
807 3853 948 3916 exercent
963 3850 1132 3934 presbytcri
1148 3850 1178 3913 in
1197 3848 1289 3914 dictis
1304 3868 1387 3914 coru·

151 3954 356 4019 munitatibus
383 3953 528 4019 similiter
558 3953 638 4018 fiunt
667 3955 697 4018 in
723 3954 794 4018 aliis
824 3953 945 4018 Galliae
975 3954 1173 4020 dioecesibus.
1225 3953 1305 4018 Hinc
1329 3974 1383 4035 pa·

149 4057 258 4120 rochus
282 4057 422 4141 queritur
441 4058 478 4123 de
501 4059 648 4141 Episcopo
664 4062 753 4142 quasi
768 4077 824 4122 sua
840 4058 988 4123 abutatur
1003 4059 1167 4140 potestate,
1192 4057 1265 4122 rlum
1281 4059 1386 4121 tamen

150 4161 217 4243 plns
252 4181 348 4245 aequo
383 4162 586 4244 parochialem
617 4161 862 4245 jurisdictionem
901 4181 971 4227 voce
1006 4180 1041 4226 ac
1075 4161 1188 4245 scripto
1221 4162 1386 4244 provehere

148 4267 285 4330 conatur.
332 4266 452 4331 asserit
474 4267 609 4350 capellas
632 4266 769 4349 publicas
791 4267 823 4330 in
846 4265 975 4330 dioecesi
999 4265 1145 4330 Atureusi
1169 4265 1302 4348 gaudere
1323 4265 1385 4348 pri-

149 4369 271 4453 vilegiis
292 4372 438 4434 ecclesiae
462 4371 664 4453 parochialis,
690 4371 794 4434 omnia
824 4368 1012 4452 parochialia
1033 4371 1066 4434 et
1091 4389 1169 4452 quae
1190 4369 1386 4451 regularibus

148 4476 343 4556 competunt,
376 4475 516 4556 usurpari
548 4493 566 4537 a
596 4473 779 4557 capellanis.
831 4473 915 4538 Haec
938 4473 1041 4538 omnia
1063 4491 1099 4538 er
1121 4471 1276 4536 industria
1298 4490 1382 4536 com-

150 4581 253 4642 menta
276 4579 358 4646 sunt.
