3264 4914
168 277 195 332 S.
215 277 245 332 0.
263 276 351 332 Cone.
371 275 414 333 14.
435 279 509 348 dap.
530 277 604 333 1863
624 280 661 332 dc
678 278 741 333 tur.
763 276 890 348 paroch.
910 279 981 334 circ.
1000 279 1180 336 communit.
1199 279 1253 336 ret.
1345 265 1405 331 281

167 451 289 513 servata
310 451 413 512 tamen
438 449 650 514 communione
674 449 821 531 paschali,
843 449 984 532 quaesita
1009 451 1203 532 parochianis
1226 453 1256 516 in
1279 455 1408 520 ecclesia

100 585 104 596 ·
167 553 346 634 parochiali.

271 655 308 720 X.
341 657 387 720 An
422 657 450 719 in
484 656 576 720 dictis
607 656 733 738 capellis
766 656 920 720 celebrare
952 657 1043 721 liceat
1074 677 1165 722 unam
1198 663 1252 724 aut
1278 662 1407 727 alteram

167 761 309 837 missam,
340 761 403 824 sire
427 760 558 838 lectam,
591 761 655 825 sire
679 763 855 836 cantatam,
887 760 924 824 de
947 779 1094 825 consensu
1119 763 1276 846 Episcopi,
1302 766 1409 830 diebus

166 863 326 927 dominicis
350 867 381 926 et
403 865 531 930 festivis.
566 865 658 928 Porro
682 864 849 946 Episcopus
867 865 1024 928 licentiam
1042 867 1190 941 concedit,
1216 873 1251 930 ut
1269 873 1408 934 serretur

167 968 273 1049 regula
296 967 443 1051 cujusque
466 967 708 1042 communicatio,
734 970 766 1030 et
786 987 823 1030 ne
840 967 958 1032 tardius
970 967 1069 1051 jejuni
1086 974 1266 1035 remaneant
1282 973 1408 1052 infirmi,

164 1089 260 1146 senes,
285 1071 503 1146 adolescentes,
527 1071 671 1135 mulieres
691 1071 853 1153 religiosae
869 1071 908 1134 ad
923 1090 1042 1136 sacram
1060 1073 1197 1155 synaxim
1216 1075 1405 1142 accedentes.

269 1175 324 1239 Xl.
350 1179 397 1240 An
420 1196 473 1259 pre
497 1178 545 1241 his
567 1178 669 1241 missis
692 1213 733 1226 -
754 1177 843 1241 N⁰X
865 1214 903 1223 -
923 1179 1170 1244 convocationem
1186 1181 1286 1254 lacere
1305 1181 1407 1256 liceat,

166 1277 339 1359 pulsatione
362 1297 539 1364 campanae,
562 1281 659 1345 invito
682 1281 813 1362 parocho
837 1282 868 1344 et
891 1281 1079 1364 approbante
1103 1283 1261 1365 Episcopo.

269 1381 341 1449 Xll.
366 1385 414 1446 An
438 1383 567 1466 cogendi
589 1385 663 1447 sunt
685 1384 724 1448 ab
747 1384 896 1467 Episcopo
919 1384 1105 1467 parochiani,
1130 1388 1165 1450 ut
1185 1387 1313 1468 peccata
1336 1405 1406 1451 cou-

169 1485 315 1550 fiteantur
335 1487 477 1570 parocho,
502 1488 549 1552 rel
573 1487 639 1571 ejus
663 1488 795 1568 vicariis,
819 1488 997 1570 nullamque
1020 1489 1150 1554 audiant
1172 1490 1314 1568 missam,
1339 1491 1406 1554 nul-

165 1589 225 1653 larn
251 1589 368 1655 faciant
390 1589 645 1670 communionem,
669 1591 728 1656 nisi
752 1592 782 1654 in
807 1591 937 1657 ecclesia
958 1591 1139 1674 parochiali.

268 1693 356 1762 Xlll.
380 1695 428 1759 An
451 1695 516 1760 dies
538 1695 661 1760 Natalis
686 1695 819 1773 Domini,
843 1695 991 1779 expositio
1015 1695 1078 1761 XL.
1100 1697 1267 1775 Horarum,
1292 1697 1406 1762 hebdo-

165 1797 255 1861 mada
276 1801 385 1864 sancta
407 1800 470 1865 sint
493 1803 555 1865 tam
580 1800 688 1864 stricte
709 1799 745 1864 de
762 1800 885 1882 juribus
902 1799 1137 1882 parochialibus,
1159 1804 1194 1866 ut
1210 1801 1287 1866 nihil
1304 1801 1407 1865 ualent

165 1901 331 1984 Episcopus
354 1905 491 1969 statuere
514 1905 655 1969 circaea
674 1905 705 1968 in
730 1905 863 1969 lavarem
887 1905 1153 1969 communitatum.

266 2005 351 2072 XIV.
386 2007 433 2070 An
464 2007 514 2090 jus
538 2007 652 2072 habeat
683 2008 835 2090 parochus
857 2026 964 2072 curare
987 2007 1024 2072 dc
1044 2008 1198 2073 breuitate
1219 2010 1274 2072 aut
1296 2008 1333 2072 dc
1357 2027 1405 2073 so·

165 2109 326 2173 lemnitate
349 2109 538 2188 ciliciorum,
570 2129 648 2194 quae
678 2110 757 2176 liunt
788 2110 1035 2176 exordinatione
1060 2111 1202 2194 Episcopi
1226 2110 1256 2174 in
1279 2111 1405 2192 capellis

169 2211 309 2294 publicis.

267 2315 335 2381 XV.
359 2316 407 2380 An
431 2315 612 2396 diminutio,
636 2318 662 2383 si
685 2337 745 2402 qua
767 2319 839 2396 liat,
864 2317 995 2398 laboris,
1021 2318 1115 2382 etiem
1140 2317 1344 2394 oblationum,
1368 2317 1405 2380 de

164 2436 225 2501 qua
242 2419 382 2502 queritur
404 2420 562 2502 parochus,
586 2421 706 2487 ratione
722 2422 976 2506 frequentationis
995 2422 1183 2505 capellarum
1201 2421 1404 2505 publicarum,

164 2523 378 2588 necessitatem
403 2524 541 2607 imponat
564 2524 711 2608 Episcopo
734 2543 785 2590 eas
808 2523 1011 2591 interdicendi
1033 2525 1235 2608 parochianis.

266 2626 349 2692 XVI.
383 2627 431 2691 An
455 2627 621 2711 Episcopus
645 2647 753 2714 cogere
777 2631 872 2712 possit
896 2629 1080 2712 parochnm,
1116 2629 1292 2712 quandoid
1315 2628 1404 2694 lacile

163 2749 249 2811 posse
273 2730 338 2795 lieri
361 2731 462 2810 videt,
494 2733 529 2796 ut
551 2733 679 2814 recipiat
702 2733 733 2797 in
757 2734 946 2819 presbyterio
968 2735 1000 2798 et
1021 2734 1157 2812 nutriat,
1187 2751 1282 2816 aequo
1305 2735 1403 2817 pretio

162 2833 278 2912 soluto,
311 2833 440 2899 vicarios
469 2853 556 2912 suos,
589 2854 625 2900 nc
655 2835 832 2920 obligentur
862 2837 893 2900 hi
918 2837 1092 2920 pensionem
1118 2853 1205 2900 suam
1229 2854 1349 2900 sumere
1372 2836 1403 2899 in

162 2937 302 3001 domibus
324 2938 356 3002 et
375 2937 510 3016 lamiliis,
535 2937 587 3002 ubi
609 2940 683 3005 sunt
706 2939 841 3022 puellae,
865 2939 1051 3006 domesticae
1072 2938 1227 3021 juniores,
1249 2938 1403 3017 mulieres,

163 3043 195 3103 et
217 3041 280 3105 alia
303 3041 389 3105 rarle
410 3041 557 3123 pericula.
671 3047 674 3053 ’

264 3142 364 3208 XVII.
390 3145 437 3208 An
462 3143 555 3209 liceat
578 3143 726 3227 Episcopo
748 3145 911 3210 restituere
933 3145 965 3209 in
986 3145 1105 3229 capella
1128 3144 1252 3227 publica
1270 3144 1398 3210 Missam

160 3266 352 3330 suppressam
369 3266 388 3310 a
403 3246 546 3330 parocho,
568 3266 660 3332 quam
678 3247 783 3313 fideles
799 3250 837 3314 ab
853 3249 1002 3334 Episcopo
1018 3251 1171 3331 repetunt,
1188 3249 1297 3331 utpote
1315 3248 1402 3312 ualde

161 3351 269 3415 utilem
293 3370 346 3434 pro
369 3350 587 3434 adimpletione
610 3352 775 3435 praecepti,
798 3351 919 3435 quando
941 3354 1042 3433 urget,
1067 3350 1211 3416 audiendi
1236 3351 1372 3416 missam.

262 3454 381 3521 XVlIl.
404 3454 452 3518 Au
477 3455 579 3518 unitas
599 3458 631 3519 et
656 3454 801 3520 adunatio
820 3454 943 3520 moralis
962 3455 1123 3537 parochiae
1140 3455 1170 3518 in
1188 3473 1223 3520 co
1238 3456 1397 3531 consistat,

162 3560 196 3620 ut
219 3576 325 3622 omues
347 3556 452 3623 fideles
475 3557 588 3623 adeant
612 3558 729 3622 nullam
752 3561 875 3641 praeter
897 3558 1105 3640 parochialem
1137 3557 1315 3638 ecclesiam,
1348 3577 1401 3640 pro

161 3661 341 3743 recipiendis
365 3663 565 3727 sacramentis
587 3663 618 3726 at
642 3663 846 3746 adimplendis
868 3662 989 3727 actibus
1012 3661 1147 3745 pietatis,
1172 3663 1223 3744 qui
1247 3680 1306 3725 nou
1329 3665 1402 3726 snut

161 3765 198 3829 de
219 3765 341 3849 juribus
365 3785 448 3831 mere
470 3765 709 3850 parochialibus.

263 3869 349 3934 XIX.
373 3869 568 3952 Baptismata
589 3870 654 3934 sine
678 3869 770 3935 dubio
795 3869 949 3952 pertinent
972 3870 1010 3933 ad
1036 3867 1213 3952 parcebam,
1238 3869 1270 3933 et
1293 3885 1402 3932 revera

161 3991 266 4037 omnes
289 3973 542 4056 parochianorum
566 3973 700 4039 infantes
722 3974 920 4058 baptizantur
942 3993 961 4038 a
983 3973 1115 4056 parocho
1139 3972 1170 4037 in
1194 3972 1322 4037 ecclesia
1347 3991 1400 4055 pa·

160 4075 297 4144 rochiali.
342 4077 409 4158 Quo
431 4095 573 4142 concesso
596 4080 628 4143 ct
650 4097 708 4144 non
734 4078 887 4154 obstante,
912 4095 951 4142 an
972 4077 1116 4160 expediat
1138 4077 1288 4161 abrogare
1310 4095 1400 4140 usum

160 4179 280 4263 jamdiu
303 4182 495 4264 usurpatum,
517 4201 577 4266 qno
599 4181 732 4247 infantes
756 4181 885 4264 expositi
908 4181 1105 4264 baptizantur
1131 4180 1162 4244 in
1191 4179 1398 4245 xenodochiis.

161 4285 191 4348 ls
214 4286 318 4350 autem
341 4304 406 4351 mos
430 4285 470 4350 ab
489 4286 630 4351 omuibus
650 4285 808 4369 Episcopie
832 4283 1028 4367 approbatur.

262 4388 331 4456 XX.
354 4389 403 4455 An
419 4390 450 4454 in
466 4390 740 4455 communitatibus
756 4388 920 4452 mulierum
936 4387 1150 4471 religiosarum
1164 4389 1261 4469 possit
1275 4385 1400 4468 Episco-

159 4511 216 4576 pus
241 4493 422 4576 permittcre
454 4495 611 4578 capellano
635 4493 810 4557 ministrare
836 4490 991 4556 Viaticum
1013 4493 1044 4556 et
1067 4491 1243 4554 Extremam
1276 4489 1400 4553 Unctio-

159 4615 228 4661 uem
263 4597 399 4678 personis
433 4597 580 4674 internis,
615 4615 693 4680 quae
726 4615 796 4662 eum
831 4594 948 4661 habent
982 4596 1013 4659 iu
1049 4595 1114 4662 rita
1141 4593 1344 4658 conterentem
1368 4591 1401 4654 et

189 4709 283 4756 Archiv
299 4709 337 4756 llir
354 4709 540 4756 Kirchenrecht.
558 4708 669 4754 XLVlll.
1257 4695 1295 4760 19
