3268 4894
355 225 448 282 Inalr.
466 241 489 280 a.
510 223 621 295 Oonpr.
640 225 758 297 lupulo.
776 224 823 280 29.
844 224 915 281 Dec.
934 224 1006 280 1891
1027 227 1112 282 cr'rca
1130 227 1244 296 opium.
1357 207 1419 274 183

179 419 255 482 opus
281 419 372 481 agere
397 399 503 483 nequit
526 399 555 462 ni
579 399 665 481 petat
688 397 852 463 divortium
880 417 899 464 a
924 397 1027 482 judice
1056 397 1155 476 ciuili,
1188 397 1266 482 quod
1292 400 1419 480 peteret,

178 506 264 570 salvo
287 504 436 588 ligamine
459 523 517 586 quo
537 502 711 567 devincitur
734 504 766 567 et
789 503 869 586 quod
893 505 1008 586 optime
1033 503 1117 568 norit
1142 503 1180 566 ab
1205 503 1342 568 Ecclesia
1365 521 1416 568 sc»-

178 608 335 675 lummodo
358 608 461 691 frangi
484 627 580 691 posse.
627 607 802 684 Paroohus,
833 607 884 690 qui
908 610 940 672 et
964 607 1060 689 ipsias
1081 609 1129 672 ost
1151 607 1372 682 confessarius,
1400 625 1419 669 a

181 713 280 778 Nobis
302 713 440 794 postolat
462 730 535 776 uum
560 711 634 775 baec
656 710 766 792 petitio
789 711 908 794 probari
933 711 1044 793 possit,
1069 711 1116 776 vel
1136 710 1245 776 saltem
1270 711 1419 776 tolerari?

283 815 347 880 Nos
378 821 501 892 autem,
537 815 665 880 attentis
696 814 890 899 gravissimis
920 813 1164 897 responsionibus
1195 814 1224 879 8.
1253 813 1355 879 Ollicii
1388 818 1419 879 et

178 920 206 986 S.
234 919 493 985 Poeuitentiariae
516 939 594 1002 qnae
618 920 654 982 de
678 919 808 984 divortio
830 919 913 983 civili
936 920 968 982 in
991 918 1096 984 Gallia
1118 937 1214 1001 nuper
1230 917 1416 1000 prodierunt,

178 1043 284 1091 casum
316 1024 397 1089 buno
428 1023 525 1089 Nobis
555 1023 742 1106 propositum
767 1023 887 1105 propria
911 1023 1096 1088 auctoritaie
1118 1022 1268 1086 resoluere
1293 1021 1418 1087 minime

178 1128 339 1193 audemus.

224 1293 238 1311 ,
282 1232 365 1306 ldae,
389 1231 547 1296 humiliter
570 1233 601 1295 et
624 1231 711 1296 enixe
735 1249 895 1312 precamur
917 1232 952 1294 ut
973 1229 1131 1296 Sanctitas
1153 1231 1264 1296 Vestra
1284 1231 1418 1298 Oratrici

178 1337 309 1418 benigne
332 1335 495 1401 concedere
520 1335 665 1418 dignetur
695 1333 854 1400 licentiam
886 1334 1019 1399 adeundi
1049 1334 1185 1418 iudicem
1216 1336 1347 1412 laicum,
1380 1336 1419 1400 ab

177 1459 271 1524 eoque
295 1439 461 1504 disortium
485 1438 575 1503 civile
599 1439 740 1521 petendi,
771 1457 805 1502 eo
829 1440 951 1503 lautum
977 1438 1053 1516 dne,
1085 1439 1121 1503 nt
1151 1439 1282 1503 sublatis
1310 1440 1417 1503 matri·

179 1544 272 1608 monii
296 1543 458 1608 effectibus
480 1543 637 1620 civilibus,
667 1543 798 1607 tutelam
825 1561 899 1608 suae
922 1543 1022 1626 neptis
1045 1545 1113 1626 ipsa
1135 1544 1288 1626 suscipere
1311 1543 1417 1626 possit,

177 1666 306 1731 eamque
330 1646 515 1730 apericulis
538 1649 637 1712 omnis
661 1648 780 1729 generis
803 1666 880 1732 quae
902 1647 960 1730 ipsi
985 1648 1173 1730 impendent,
1195 1648 1334 1713 liberare.

333 1751 386 1817 N.
406 1799 455 1829 ..,
482 1753 531 1817 16.
554 1751 669 1835 Aprilis
694 1750 786 1817 1891.

389 1881 423 1948 B.
471 1881 678 1963 Responsum.
965 1881 1314 1964 N...N...,o.p.

281 2001 373 2066 Sacra
397 2001 647 2077 Poeniteutiaria‚
670 2003 805 2084 exposito
828 2021 900 2066 casn
918 2003 1037 2066 mature
1055 2021 1211 2085 perpenso,
1236 2002 1417 2085 respondet:

179 2105 313 2172 Pettium
336 2107 496 2172 licentiam
518 2108 644 2173 concedi
665 2127 730 2172 aron
745 2127 849 2188 posse.

282 2218 398 2282 Datum
421 2219 545 2296 Rornae,
569 2219 599 2283 in
622 2217 652 2285 S.
681 2217 936 2296 Poenitcntiaria‚
963 2217 1012 2282 die
1036 2221 1064 2281 3.
1089 2217 1167 2301 junii
1193 2219 1287 2282 1891.

878 2331 913 2398 R.
938 2329 1026 2396 Card.
1051 2331 1188 2398 Monuco
1211 2330 1248 2394 Ρ.Ι
1271 2329 1314 2394 M.

388 2486 414 2540 6.
442 2485 589 2541 lnstmrtio
608 2502 628 2540 s.
647 2485 745 2555 congr.
763 2486 891 2555 Inquisit.
910 2485 971 2541 ud
991 2485 1033 2540 29.
1052 2487 1113 2540 Dec.
1134 2485 1200 2542 1891

176 2581 211 2638 ad
229 2581 349 2637 Vicarios
366 2581 529 2650 apostolicos
549 2581 577 2637 in
598 2581 710 2649 imperio
727 2580 852 2636 binarum
872 2586 900 2636 et
917 2581 1040 2637 finitimis
1060 2582 1150 2650 regnis
1172 2585 1255 2652 atque
1273 2581 1417 2650 prouinciis

456 2669 525 2723 circa
543 2665 648 2736 Opium.
680 2667 770 2735 (Koln.
788 2668 920 2724 Peru-131.
941 2669 1007 2724 1892
1025 2668 1073 2724 Nr.
1094 2669 1145 2734 10).

284 2791 326 2854 lix
355 2791 394 2854 iis
424 2809 501 2873 quae
532 2789 646 2873 pluries
677 2789 708 2856 S.
739 2789 978 2874 congregationi
1008 2792 1046 2856 de
1074 2790 1278 2875 Propaganda
1302 2789 1417 2856 Fiden

180 2894 311 2959 Vicariis
333 2894 508 2977 apostolicis
529 2893 705 2960 Siuensium
728 2896 888 2978 regionum
911 2895 1056 2960 nuntiata
1078 2899 1160 2970 sunt,
1182 2894 1317 2958 innotuit
1341 2914 1416 2957 non-

176 2997 278 3063 nullas
301 2998 494 3080 quaestiones
515 2999 597 3063 iuter
619 2998 812 3082 evangelicos
835 2999 1005 3081 operarios,
1036 2999 1088 3082 qui
1111 2998 1223 3063 ibidem
1248 2998 1417 3063 christiano

178 3101 292 3166 nomini
315 3100 473 3166 dilatando
496 3100 653 3176 insudant,
674 3101 817 3166 incidisse
832 3102 863 3166 iu
881 3102 1121 3184 interpretandis
1137 3101 1167 3166 8.
1184 3101 1271 3166 Sedis
1287 3100 1419 3166 decretis

176 3205 214 3268 de
245 3205 307 3287 opii
340 3205 481 3282 cultura,
515 3205 697 3270 commercio
732 3208 825 3288 atque
859 3223 926 3272 usn.
973 3205 1019 3269 Ad
1040 3205 1215 3271 huiusmodi
1239 3205 1414 3287 opinionum

177 3308 401 3391 discrepantiae
423 3308 516 3374 linem
538 3307 767 3391 imponendum,
791 3328 822 3373 re
844 3308 897 3372 diu
920 3313 1099 3393 matureque
1116 3328 1273 3392 perpensa,
1299 3307 1418 3391 placuit

180 3410 263 3476 Emis
288 3411 347 3478 ΡΡ.
372 3431 433 3477 una
456 3431 577 3478 mecum
599 3412 803 3478 Generalibus
827 3413 1080 3496 Inquisitoribus,
1114 3413 1301 3496 approbante
1324 3411 1418 3478 SSrno

179 3514 215 3578 D.
240 3514 279 3579 N.
303 3514 401 3579 Leone
426 3516 486 3580 ΡΡ.
512 3515 611 3596 xiil„
640 3520 675 3582 ut
697 3535 788 3600 super
810 3516 848 3581 iis
872 3535 1015 3601 praesens
1037 3517 1200 3582 instructio
1223 3517 1417 3592 conderetur,

176 3636 254 3700 qnae
278 3637 384 3682 norma
406 3621 487 3684 esset
511 3621 689 3684 memoratis
711 3620 889 3703 apostolicis
914 3620 1055 3685 Vicariis.

283 3723 310 3785 l.
336 3723 377 3786 ltu
401 3723 553 3804 responsis
578 3723 637 3787 buc
661 3743 756 3808 nsque
779 3725 871 3800 datis,
895 3725 921 3789 si
946 3725 1037 3806 probe
1054 3725 1281 3807 intelligantur,
1305 3723 1419 3807 liquido

179 3827 282 3906 patet:
306 3845 463 3911 nunquam
482 3827 513 3893 S.
529 3827 639 3893 Sedem
655 3827 845 3911 improbasse
861 3848 926 3893 eam
944 3828 1186 3912 opii'culturam
1204 3828 1419 3894 commercium

177 3931 209 3992 et
231 3947 321 3994 nsum
345 3949 422 4012 quae
447 3930 617 3997 medicinae
640 3932 833 3996 inservirent.
1232 3999 1235 4008 ,

280 4035 310 4098 2.
337 4034 428 4098 Patet
451 4035 547 4100 ctiam
569 4033 732 4106 Sarranum
757 4036 1038 4119 Congregationnm
1055 4037 1187 4104 decretis
1203 4041 1269 4101 tum
1288 4055 1366 4120 qnae
1382 4036 1420 4100 de

178 4156 234 4201 usu
259 4139 465 4218 permittendo
488 4141 543 4204 aut
566 4140 742 4218 tolerando,
765 4125 831 4205 tum
855 4161 933 4225 quae
957 4142 994 4206 de
1018 4141 1115 4207 abusu
1139 4141 1326 4225 reprobando
1354 4141 1419 4205 lata

176 4242 259 4318 suunt,
284 4260 343 4306 uon
368 4243 543 4308 absolutam
566 4249 618 4308 sed
645 4245 806 4310 relativam
830 4245 893 4310 uirn
915 4246 1021 4311 inesse.
1055 4246 1236 4329 Respiciunt
1250 4245 1368 4310 scilicet
1384 4263 1420 4308 ea

178 4362 256 4425 quan
279 4345 544 4427 proponebantur;
570 4365 627 4411 non
650 4349 723 4412 sunt
746 4348 871 4430 proinde
894 4349 975 4413 inter
998 4369 1030 4414 se
1054 4350 1322 4414 indiscriminatim
1337 4367 1420 4412 com-

177 4447 344 4521 miscenda,
368 4448 420 4512 sed
446 4449 482 4513 ad
505 4469 594 4516 casus
616 4451 755 4535 singulos
777 4471 847 4516 curn
869 4453 933 4516 suis
953 4452 1161 4535 peculiaribus
1179 4451 1420 4516 circumstantiis
1616 4519 1617 4530 p

174 4552 280 4616 referri
304 4551 427 4620 debent.
458 4553 594 4636 Quodsi
618 4554 680 4635 bet,
706 4555 795 4621 facile
819 4557 1023 4639 comperietur
1047 4575 1083 4622 sa
1104 4555 1163 4620 eibi
1187 4557 1333 4638 perpetuo
1349 4571 1419 4618 con·
1571 4557 1617 4814 j
