3200 4916
235 261 300 331 438
342 283 371 338 S.
391 281 483 339 Pocn.
502 297 551 351 ap.
570 285 655 336 eirca
677 282 772 338 absol.
794 297 864 346 eon,
883 284 938 352 qni
958 281 1039 336 bona
1058 297 1078 334 n
1096 279 1224 349 pnbcrn.
1243 295 1283 334 er.
1304 282 1428 350 aequis.

236 453 432 532 teutianiam,
457 457 489 520 et
515 453 679 520 dnmmodo
702 453 786 538 prius
809 472 897 519 veras
920 452 1148 536 resipiscentiae
1170 453 1259 535 signa
1281 451 1483 517 exhibuerint
1577 428 1578 522 l

237 561 269 623 et
296 557 441 623 illicitum
467 557 695 641 juramentum,
725 559 877 642 quabnus
905 557 985 623 illud
1014 555 1186 634 emiserint,
1223 556 1484 630 retractaverint;

236 663 377 744 reparato
411 661 557 727 scandalo
585 661 705 726 meliori
736 661 825 727 modo
858 680 918 745 quo
951 661 1017 727 fieri
1051 661 1153 743 potest
1186 658 1329 743 prudenti
1360 658 1483 742 judicio

236 764 433 842 absolventis,
455 764 595 848 injuncta
619 765 751 850 singulis
774 785 827 848 pro
848 764 936 830 modo
960 764 1119 847 culparum
1137 781 1273 847 congrue
1288 761 1482 846 poenitentia

236 868 376 942 salubri,
401 868 530 952 aliisque
549 869 699 952 injunctis
722 869 759 935 de
781 870 849 952 jure
872 868 1080 952 injungendis.

341 973 396 1038 111.
421 972 544 1056 Reliqui
565 991 636 1038 vero
659 972 819 1051 officiales,
842 991 970 1057 quornm
995 971 1130 1038 officium
1152 970 1327 1038 huiusmodi
1342 971 1482 1053 imputa·

238 1076 330 1141 bilem
354 1077 595 1158 cooperationem
617 1078 733 1160 judicio
756 1078 940 1160 prudentum
965 1077 1133 1158 importare
1151 1093 1211 1140 nou
1226 1075 1378 1154 videatur,
1401 1095 1480 1157 qna·
1578 1159 1579 1162 Ἴ

236 1183 326 1245 teum
349 1180 426 1244 illud
450 1181 565 1264 absque
589 1181 676 1264 gravi
698 1182 745 1245 sui
769 1181 818 1246 vel
841 1180 982 1264 propriae
1005 1179 1140 1244 familiae
1164 1178 1349 1244 detrimento
1369 1179 1481 1243 dimit

168 1299 171 1310 ·
236 1285 301 1348 tere
325 1285 493 1368 nequeant,
524 1285 701 1364 tolerentur,
726 1285 779 1348 sed
802 1284 859 1348 sub
883 1283 1077 1360 conditione,
1109 1285 1145 1346 nt
1165 1302 1183 1348 a
1204 1281 1381 1359 laudandis,
1408 1302 1481 1364 pro-

237 1387 365 1466 bandis,
396 1386 609 1465 consulendis,
641 1388 854 1471 promovendis
886 1387 977 1452 dictis
1004 1385 1255 1470 usurpationibus
1278 1385 1400 1451 omnino
1423 1387 1481 1449 ab·

237 1491 372 1558 etineent
394 1493 466 1575 quin
490 1492 552 1557 imo
572 1511 626 1575 pro
649 1492 765 1558 viribus
789 1494 898 1557 curent
921 1510 973 1556 ees
995 1490 1119 1555 differre
1136 1494 1357 1574 attemperare
1374 1491 1481 1556 lavore

237 1595 392 1660 Ecclesiae
415 1613 451 1661 ac
477 1613 673 1679 personarum
704 1595 1000 1673 ecclesiasticarum,
1028 1613 1061 1660 se
1092 1593 1251 1678 dirigendo
1281 1593 1408 1660 oonsilio
1438 1594 1483 1678 pii

238 1717 274 1764 eo
296 1699 379 1764 docti
401 1698 589 1765 confessarii.

341 1801 457 1867 Datum
483 1803 598 1868 Romae
620 1803 653 1868 iu
675 1802 769 1870 Sacra
792 1803 1042 1872 Poenitentiaria.

236 1980 267 2040 3.
291 1975 470 2042 Facultates
492 1976 623 2042 annales
646 1991 667 2042 n
687 1997 713 2043 s.
739 1977 856 2042 Poenit.
880 1981 978 2060 apost.
1001 1977 1153 2058 wicconis
1175 1975 1301 2042 Italicis
1315 1995 1484 2042 concessae
1581 2058 1582 2064 ἵ

238 2080 323 2146 circa
345 2079 566 2146 absolutionem
589 2102 713 2159 eornm,
741 2083 796 2164 qni
817 2081 897 2146 bona
919 2081 1065 2146 ccclesiae
1087 2081 1276 2164 opnbcrnic
1297 2086 1404 2163 erepta
1426 2103 1480 2146 ao·
1581 2079 1582 2086 '

766 2186 944 2269 enebriat.

341 2323 435 2390 Sacra
459 2323 711 2402 Poenitentiuria,
736 2323 775 2388 de
797 2324 922 2407 speciali
946 2325 978 2388 et
996 2342 1138 2407 expressa
1161 2323 1339 2405 apostoliea
1363 2323 1482 2388 dueto-

238 2428 341 2507 ritate,
366 2427 529 2494 Ordinario
546 2428 583 2494 N.
602 2427 640 2492 N.
665 2427 703 2492 ad
727 2447 842 2492 annum
866 2428 1047 2494 duraturam
1071 2428 1250 2494 tenultatem
1271 2427 1482 2492 communicet
1582 2466 1583 2470 =

238 2531 454 2598 christifideles
501 2597 507 2611 ,

340 2637 393 2718 qni
417 2637 494 2702 bona
517 2636 690 2702 immobilia
712 2639 766 2702 eut
789 2654 899 2701 consus
926 2639 981 2701 aut
1009 2636 1080 2718 iura
1102 2635 1264 2702 Ecclesioe
1286 2640 1390 2716 erepta
1412 2637 1482 2698 sine

238 2740 374 2823 ejusdem
399 2740 553 2806 Ecclesiae
576 2741 664 2806 venia
687 2740 915 2824 acquisierunt,

341 2843 388 2909 vel
412 2844 565 2927 accubita
584 2845 817 2920 aldemannum

343 2949 391 3014 vel
416 2948 625 3032 acquisierunt
648 2967 700 3031 per
723 2947 968 3034 emphyteusim

340 3053 387 3117 vel
412 3053 563 3136 acquisita
584 3072 639 3136 per
661 3051 887 3136 emphyteusim
912 3051 1138 3127 liberaverunt3

341 3157 393 3239 qui
417 3159 578 3240 umquem
600 3155 723 3239 patroni
751 3155 947 3222 vindicarunt
969 3153 1116 3220 beneflcio
1137 3154 1348 3220 ecclesiastica
1368 3158 1401 3219 et
1424 3173 1479 3220 ca·

238 3258 403 3344 pellenias;

340 3364 393 3446 qui
416 3363 609 3430 redemerunt
633 3363 739 3448 legata
762 3363 812 3446 pia
835 3365 890 3429 aut
912 3381 1043 3428 canones
1064 3363 1120 3428 aut
1136 3363 1208 3446 jura
1230 3361 1469 3440 irredimibilia;

339 3469 387 3534 cel
409 3491 447 3534 ea
468 3469 680 3551 redemptione
693 3469 817 3552 jonium
832 3474 950 3534 natnra
964 3487 1025 3533 sno
1041 3467 1264 3534 redimibslc'nm
1279 3488 1349 3534 cnm
1363 3468 1481 3533 dnm

239 3571 399 3638 Ecclesim
420 3572 535 3638 lncrmi
555 3579 648 3652 snam

341 3675 393 3759 qui
417 3676 552 3741 decimas
575 3695 631 3741 uon
656 3676 832 3754 solverunt,

341 3781 373 3845 ct
397 3780 622 3863 praedictorum
652 3779 791 3846 omnium
822 3780 949 3846 heredes
979 3784 1012 3846 et
1039 3798 1248 3864 quoscumque
1277 3799 1479 3858 successores,

236 3883 357 3967 quotics
380 3884 417 3950 ob
441 3885 576 3968 aliquam
600 3903 635 3950 er
658 3885 823 3968 praedictis
846 3885 948 3951 censis
971 3885 1119 3969 gubernio
1142 3885 1196 3950 aut
1219 3884 1290 3949 aliis
1311 3883 1482 3949 venditori·

237 3988 294 4052 bns
316 3987 473 4054 solverunt
494 3989 550 4053 aut
569 3988 685 4054 solvere
706 3989 819 4054 debent
839 4009 898 4054 non
918 3988 1001 4054 ultra
1025 3989 1157 4073 triginta
1176 3987 1353 4054 libellarum
1368 3987 1481 4066 millia,

238 4094 282 4168 ct,
314 4091 341 4156 si
364 4092 401 4158 de
423 4092 550 4158 decimis
574 4111 673 4159 sermo
697 4093 755 4172 sit,
788 4093 954 4160 dummodo
982 4093 1119 4160 debitam
1143 4093 1221 4158 bane
1243 4111 1396 4158 summum
1420 4112 1481 4158 non

237 4195 369 4278 superet,
393 4198 425 4262 et
444 4197 471 4261 si
491 4199 605 4279 egetur
626 4197 664 4260 de
688 4198 882 4281 emphyteusi
906 4200 961 4263 aut
984 4198 1046 4263 elio
1069 4197 1163 4263 simili
1187 4198 1361 4275 contractu,
1384 4195 1479 4261 dnm-

239 4299 327 4364 modo
350 4317 446 4366 oanon
468 4319 521 4366 sen
543 4303 711 4384 praestatio
730 4301 820 4386 juxta
842 4301 944 4386 legem
964 4302 1086 4368 civilem
1104 4303 1282 4383 computata
1298 4299 1483 4383 respondeat

237 4403 364 4485 capitali
388 4423 526 4470 summae
546 4424 624 4490 qnae
645 4405 753 4471 itidem
779 4425 836 4472 non
859 4405 985 4471 excedat
1007 4405 1139 4490 triginta
1161 4403 1336 4469 libellorum
1362 4403 1481 4482 millia;

340 4507 378 4572 de
400 4509 527 4592 speciali
550 4509 654 4592 gretie
677 4509 862 4576 admittendi
886 4509 925 4574 ad
948 4509 1196 4591 compositionem
1220 4525 1416 4592 quaesoque
1433 4507 1481 4571 ui-

238 4609 358 4690 deatur,
380 4611 510 4678 serratis
531 4612 711 4695 praesertim
735 4613 961 4678 conditionibus
985 4617 1016 4678 ct
1037 4612 1153 4698 regulis
1174 4629 1253 4696 quse
1276 4613 1466 4695 sequuntur:
