3220 4906
245 255 308 322 310
349 272 442 330 Leon·
457 273 485 328 Χ
486 270 539 328 111.
551 275 597 328 lit.
607 272 689 329 brec.
702 273 767 329 dd.
780 275 824 329 14.
833 270 927 330 danii
938 271 1012 328 1892
1024 272 1061 331 de
1074 286 1192 330 concor.
1205 276 1293 330 arrio.
1302 275 1490 343 aemiliae.

244 448 275 511 in
299 446 383 512 edita
404 446 528 512 fortuna
550 447 781 528 retemperant,
806 446 838 510 et
852 445 884 510 in
900 445 1019 511 atllicta
1033 447 1189 512 retineant
1204 447 1409 532 dignitatem:
1431 450 1489 532 qui

244 552 340 629 dites,
373 552 498 616 noscent
521 551 559 615 ab
583 569 619 614 ea
640 552 791 632 qnantum
814 550 877 615 sint
900 549 1069 616 virtutibus
1093 551 1322 634 posthabendas
1346 551 1487 617 divitiae.

244 654 385 738 Operarii
407 656 510 720 autem
534 655 567 718 et
590 653 612 719 ii
635 671 756 729 omncs,
777 653 845 736 qui,
870 655 982 719 nostris
1004 655 1185 738 praesertim
1209 656 1414 738 temporibus,
1438 655 1488 720 la-

244 759 401 826 miliarum
424 777 525 824 rerum
548 757 701 840 angustiis
724 775 759 821 ac
783 757 920 824 tenuiore
942 758 1116 824 conditione
1136 761 1201 824 tam
1225 761 1338 824 acriter
1354 760 1485 824 irritan-

244 867 312 944 tur,
346 864 372 929 si
387 872 389 876 ’
404 862 444 928 ad
478 863 687 928 sanctissimos
721 861 806 926 illius
840 862 1028 927 domesticae
1061 864 1221 928 societatis
1252 867 1407 929 consortes
1438 883 1487 928 re·

242 968 391 1052 spectent,
414 985 472 1032 non
495 966 596 1032 deerit
618 965 661 1030 eis
685 983 794 1029 caussa
819 985 872 1031 cur
897 966 975 1044 loco,
1002 967 1053 1048 qui
1070 965 1129 1031 sibi
1145 966 1269 1051 obtigit,
1294 967 1488 1033 delectentur

180 1061 185 1070 ’
242 1073 345 1157 potius
367 1089 460 1156 quam
482 1069 618 1136 doleant.
649 1067 833 1135 Communes
855 1069 936 1134 euim
961 1089 1033 1135 cnm
1057 1089 1144 1135 sacra
1169 1070 1301 1136 l'amilia
1323 1073 1397 1136 snut
1421 1071 1487 1137 illis

242 1176 382 1254 labores;
410 1191 586 1240 communes
615 1191 707 1238 curae
737 1172 775 1238 de
802 1173 867 1237 rita
891 1173 1093 1256 quotidiana:
1126 1173 1233 1240 debuit
1255 1177 1289 1239 ot
1310 1175 1424 1258 Josepb
1447 1175 1487 1240 dc

243 1279 383 1346 mercede
405 1297 462 1345 sua
484 1278 567 1344 vitae
588 1276 761 1343 rationibus
784 1277 959 1362 consulere3
990 1277 1053 1342 imo
1072 1278 1158 1360 ipsae
1178 1277 1300 1343 divinae
1323 1299 1431 1343 marrus
1453 1297 1487 1342 se

243 1384 405 1450 taurilibus
428 1382 638 1448 exercuerunt.
667 1380 732 1446 Nec
755 1381 866 1444 mirum
887 1399 961 1446 sane
984 1383 1032 1446 est
1052 1382 1079 1446 si
1104 1381 1326 1465 sapientissimi
1348 1382 1486 1448 homines

241 1487 360 1554 divitiis
380 1485 552 1563 affluentes,
575 1503 627 1551 eas
651 1485 782 1549 abiicere
805 1484 967 1563 voluerint,
992 1486 1170 1568 sociamque
1189 1505 1259 1550 cunr
1276 1485 1362 1563 Jesn,
1388 1486 1486 1551 Maria

242 1593 275 1662 ct
295 1590 413 1675 Joscpb
435 1591 493 1654 sibi
516 1590 631 1672 eligere
655 1590 878 1672 paupertatem.
926 1588 1045 1670 Quibus
1068 1608 1085 1653 e
1109 1590 1203 1654 rebus
1226 1589 1293 1655 iure
1317 1589 1486 1672 meritoque

242 1695 323 1780 apud
346 1685 512 1760 catholicos
535 1712 638 1759 sacrae
665 1692 814 1757 Familiae
844 1693 947 1758 cultus
979 1697 1100 1758 mature
1131 1694 1290 1770 invectus,
1323 1695 1422 1760 maius
1454 1696 1485 1758 in

242 1800 308 1866 dies
331 1799 470 1883 singulos
493 1799 715 1863 incrementum
739 1797 831 1878 capit.
861 1795 896 1861 Id
919 1797 1044 1880 qnidam
1065 1798 1197 1881 probunt
1217 1799 1284 1862 tum
1302 1798 1487 1863 christiano-

243 1923 313 1969 rum
344 1902 525 1969 sodalitates
556 1901 613 1965 sub
647 1901 839 1965 invocatione
872 1898 984 1966 Sacrae
1018 1899 1168 1965 Familiae
1205 1901 1386 1980 institutae,
1418 1903 1486 1966 turn

242 2006 415 2092 singulares
439 2007 568 2071 honores
588 2004 615 2070 ei
640 2003 762 2082 redditi,
786 2007 854 2068 tum
876 2003 1070 2087 potissimum
1092 2023 1111 2068 a
1133 2003 1344 2069 decessoribus
1364 2006 1488 2071 Nostris

242 2111 282 2178 ad
311 2110 505 2177 excitandum
539 2127 613 2192 erga
646 2127 715 2172 eam
747 2109 871 2190 pietatis
899 2107 1037 2172 studium
1067 2108 1227 2191 impertita
1257 2108 1424 2192 priuilegia
1455 2113 1488 2173 et

242 2215 372 2300 gratim.
417 2212 604 2278 Huiusmodi
634 2211 737 2276 cultus
765 2230 877 2294 magno
907 2210 938 2275 iu
971 2211 1083 2277 honoro
1105 2212 1233 2278 babitus
1258 2214 1306 2277 est
1329 2213 1391 2277 iarn
1415 2213 1486 2277 inde

242 2338 261 2384 a
282 2319 405 2386 saeculo
425 2316 544 2382 decimo
567 2317 713 2399 septimo,
739 2315 861 2399 lateque
885 2333 936 2397 per
959 2313 1098 2391 ltaliam,
1126 2314 1263 2382 Galliam
1286 2323 1319 2381 et
1345 2317 1484 2400 Belgiarn

241 2423 441 2508 propagatus,
456 2423 556 2487 totam
572 2419 634 2486 iere
652 2420 802 2502 lluropam
818 2419 972 2501 pervasit:
995 2418 1106 2484 deinde
1123 2420 1369 2502 praetergressus
1385 2423 1486 2486 vastos

242 2526 357 2592 Oceani
380 2528 508 2601 tractus,
532 2525 563 2589 in
589 2525 730 2588 Amorion
754 2541 806 2606 per
828 2521 1038 2588 Ganadensom
1064 2524 1326 2606 ragionern,.cnra
1349 2543 1487 2608 praescr·

242 2629 301 2693 tim
331 2632 424 2712 atque
453 2647 544 2712 opera
573 2627 764 2692 Venerabilis
794 2626 879 2692 Serri
914 2627 969 2692 ilci
995 2627 1149 2694 liranrcisci
1176 2626 1214 2692 de
1238 2627 1484 2713 Montrnorency-

244 2733 338 2799 baral
360 2732 451 2815 primi
474 2731 679 2815 Quebecensis
703 2730 864 2813 Episcopi,
895 2733 928 2794 et
961 2730 1156 2796 Venerabilis
1187 2730 1299 2797 Sorvae
1321 2731 1380 2796 Dei
1404 2733 1484 2796 llar-

242 2837 363 2920 garitae
406 2836 591 2919 Bourgeois,
634 2853 700 2900 sese
738 2833 894 2912 extendit,
936 2833 1109 2917 faustisque
1152 2834 1288 2900 ellloruit
1330 2836 1485 2919 auspiciis.

245 2940 410 3005 Postremis
449 2940 531 3004 bisce
575 2939 766 3021 temporibus
808 2937 939 3004 dilectus
977 2937 1059 3002 filius
1098 2938 1279 3004 Franciscns
1319 2939 1484 3022 Philippus

242 3045 374 3110 l'raucoz
396 3041 559 3108 Societatis
579 3042 655 3108 Jesu
687 3043 770 3124 piam
799 3041 1063 3107 Oonsociationem
1086 3060 1105 3106 a
1128 3041 1223 3107 Sacra
1248 3042 1380 3107 remilia
1403 3043 1486 3128 Lug·

241 3146 315 3212 duui
334 3146 486 3224 fundavit,
509 3165 587 3230 quae
610 3145 729 3211 fructus
753 3147 852 3211 laetos
875 3147 969 3229 atque
995 3145 1113 3223 uberes,
1146 3145 1209 3210 ileo
1232 3145 1369 3224 iurante,
1393 3147 1430 3210 de
1454 3165 1486 3210 se

241 3250 412 3334 pollicetur.
458 3249 680 3315 consociationi
706 3256 770 3314 tarn
798 3249 958 3332 auspicato
988 3249 1130 3315 conditae
1162 3249 1240 3315 illud
1273 3255 1321 3315 ost
1349 3250 1487 3315 salutare

241 3355 450 3438 propositum:
481 3353 626 3419 nimirum
659 3353 793 3419 lamilias
817 3353 1003 3419 christianas
1025 3354 1152 3419 arctiori
1174 3353 1303 3439 pietatis
1327 3373 1407 3420 nexu
1428 3352 1484 3420 Sa·

241 3477 310 3523 crae
335 3457 481 3522 llamiliae
504 3457 670 3534 devincire,
703 3457 750 3521 vel
773 3458 876 3540 potius
895 3457 1019 3522 omnino
1042 3457 1208 3535 devovere,
1230 3476 1265 3522 eo
1288 3459 1386 3523 etiam
1409 3477 1482 3523 con-

242 3562 327 3638 silio,
351 3562 395 3625 nti
418 3561 538 3627 scilicet
557 3561 669 3639 Josus,
698 3560 800 3625 blaria
820 3562 853 3625 et
875 3561 991 3645 dosepb
1017 3561 1152 3626 familias
1175 3561 1235 3628 sibi
1256 3561 1379 3628 deditas
1399 3565 1482 3626 tam-

239 3684 331 3749 quanr
357 3685 420 3730 rein
444 3667 599 3748 propriam
622 3668 769 3732 tueantur
790 3667 823 3730 et
842 3664 975 3731 foveant.
1008 3666 1067 3748 Qui
1092 3666 1242 3732 sociorum
1266 3666 1298 3731 in
1320 3685 1480 3731 numerum

241 3771 314 3834 sunt
337 3770 463 3846 adsciti,
487 3769 601 3834 debent
623 3787 658 3833 ex
681 3768 826 3834 instituto
847 3787 915 3834 cum
941 3770 988 3848 iis,
1010 3769 1172 3856 quildomi
1190 3771 1429 3848 commorantur,
1452 3770 1484 3832 in

241 3893 335 3938 uirum
358 3873 528 3951 convenire,
552 3890 654 3938 coram
676 3872 812 3957 imagine
835 3872 946 3938 Sacrae
969 3873 1116 3940 Familiae
1139 3873 1265 3940 decreta
1287 3874 1415 3957 pietatis
1436 3873 1485 3938 oi·

241 3976 310 4041 ficia
334 3979 507 4060 praestare:
540 3975 717 4059 providero,
744 3994 781 4043 ec
803 3977 992 4060 opitulante,
1026 3979 1060 4042 ut
1082 3977 1164 4043 inter
1187 3997 1220 4044 so
1242 3977 1400 4062 colligatis
1422 3976 1483 4041 lide

240 4081 406 4160 mentibus,
429 4081 559 4162 caritate
583 4080 794 4147 voluntatibus
815 4083 847 4146 in
870 4100 973 4148 amore
995 4082 1051 4147 Dei
1074 4084 1168 4166 atque
1191 4081 1360 4159 hominurn,
1388 4082 1483 4148 vitam

240 4183 280 4250 ad
301 4185 489 4268 propositum
510 4185 636 4268 exigant
657 4185 822 4268 exemplar.
851 4185 939 4250 Piam
956 4187 1035 4250 hanc
1049 4186 1308 4252 consociationem
1327 4187 1483 4252 Bononiae

239 4288 278 4354 ad
303 4288 402 4354 instar
424 4288 638 4374 Lugdunensis
661 4290 837 4355 institutam
859 4289 999 4356 decessor
1016 4289 1129 4355 Noster
1146 4289 1245 4355 felicis
1260 4289 1482 4356 recordatiouis

242 4393 316 4458 Pius
338 4391 394 4458 IX.
417 4393 570 4459 similibus
590 4393 704 4458 litteris
727 4393 927 4476 approbarit,
959 4394 1103 4476 deinceps
1134 4394 1276 4476 Epistola
1303 4395 1353 4459 die
1376 4396 1405 4462 5.
1430 4393 1487 4460 Ja-

241 4497 340 4563 nuarii
364 4497 447 4562 1870
469 4498 507 4562 ad
531 4497 615 4579 pium
638 4497 794 4562 auctorem
818 4497 911 4575 data,
934 4497 1102 4582 singularis
1123 4497 1226 4563 laudis
1247 4499 1410 4581 praeconio
1433 4499 1482 4563 cst

239 4606 428 4686 prosecutus.
481 4600 531 4670 Ad
562 4599 626 4666 Nos
656 4599 738 4682 quod
769 4601 902 4680 attinet,
933 4619 1003 4666 cum
1034 4618 1228 4687 summopere
1260 4621 1420 4681 curemus,
1452 4605 1485 4668 et
