<?xml version="1.0" encoding="UTF-8"?>
<!DOCTYPE html PUBLIC "-//W3C//DTD XHTML 1.0 Transitional//EN"
    "http://www.w3.org/TR/xhtml1/DTD/xhtml1-transitional.dtd">
<html xmlns="http://www.w3.org/1999/xhtml" xml:lang="en" lang="en">
 <head>
  <title>
</title>
<meta http-equiv="Content-Type" content="text/html;charset=utf-8" />
  <meta name='ocr-system' content='tesseract 3.04.00' />
  <meta name='ocr-capabilities' content='ocr_page ocr_carea ocr_par ocr_line ocrx_word'/>
</head>
<body>
  <div class='ocr_page' id='page_1' title='image "./archivfrkatholi14unkngoog/archivfrkatholi14unkngoog_0297.png"; bbox 0 0 3220 4906; ppageno 0'>
   <div class='ocr_carea' id='block_1_1' title="bbox 220 249 1319 335">
    <p class='ocr_par' dir='ltr' id='par_1_1' title="bbox 220 249 1319 335">
     <span class='ocr_line' id='line_1_1' title="bbox 220 249 1319 335; baseline -0.001 -16"><span class='ocrx_word' id='word_1_1' title='bbox 220 249 282 312; x_wconf 78' lang='lat'><strong>292</strong></span> <span class='ocrx_word' id='word_1_2' title='bbox 366 264 395 320; x_wconf 83' lang='lat' dir='ltr'><strong>C.</strong></span> <span class='ocrx_word' id='word_1_3' title='bbox 415 263 504 321; x_wconf 73' lang='lat' dir='ltr'><strong>coac.</strong></span> <span class='ocrx_word' id='word_1_4' title='bbox 523 265 693 334; x_wconf 77' lang='lat' dir='ltr'><strong>pr·os.1idei</strong></span> <span class='ocrx_word' id='word_1_5' title='bbox 712 267 874 334; x_wconf 82' lang='lat' dir='ltr'><strong>apcrocb.</strong></span> <span class='ocrx_word' id='word_1_6' title='bbox 895 283 992 322; x_wconf 82' lang='lat' dir='ltr'><strong>occas.</strong></span> <span class='ocrx_word' id='word_1_7' title='bbox 1012 272 1144 335; x_wconf 79' lang='lat' dir='ltr'><strong>proruet.</strong></span> <span class='ocrx_word' id='word_1_8' title='bbox 1164 265 1319 321; x_wconf 72' lang='lat' dir='ltr'><strong>emittenti.</strong></span> 
     </span>
    </p>
   </div>
   <div class='ocr_carea' id='block_1_2' title="bbox 220 434 1459 593">
    <p class='ocr_par' dir='ltr' id='par_1_2' title="bbox 220 434 1459 593">
     <span class='ocr_line' id='line_1_2' title="bbox 220 434 1459 508; baseline -0.002 -18"><span class='ocrx_word' id='word_1_9' title='bbox 220 438 244 490; x_wconf 87' lang='grc'><strong>6.</strong></span> <span class='ocrx_word' id='word_1_10' title='bbox 271 437 438 507; x_wconf 79' lang='lat' dir='ltr'><strong>Rescriptum</strong></span> <span class='ocrx_word' id='word_1_11' title='bbox 457 457 478 492; x_wconf 90' lang='lat' dir='ltr'><strong>s.</strong></span> <span class='ocrx_word' id='word_1_12' title='bbox 497 437 594 508; x_wconf 80' lang='lat' dir='ltr'><strong>Cougr.</strong></span> <span class='ocrx_word' id='word_1_13' title='bbox 615 437 691 492; x_wconf 85' lang='lat' dir='ltr'><strong>Cone.</strong></span> <span class='ocrx_word' id='word_1_14' title='bbox 712 454 764 507; x_wconf 88' lang='lat' dir='ltr'><strong>quo</strong></span> <span class='ocrx_word' id='word_1_15' title='bbox 782 438 814 490; x_wconf 85' lang='lat' dir='ltr'><strong>lit</strong></span> <span class='ocrx_word' id='word_1_16' title='bbox 832 436 947 493; x_wconf 76' lang='lat' dir='ltr'><strong>facultas</strong></span> <span class='ocrx_word' id='word_1_17' title='bbox 966 453 1012 506; x_wconf 87' lang='lat' dir='ltr'><strong>per</strong></span> <span class='ocrx_word' id='word_1_18' title='bbox 1033 437 1173 508; x_wconf 81' lang='lat' dir='ltr'><strong>delegatos</strong></span> <span class='ocrx_word' id='word_1_19' title='bbox 1191 435 1340 504; x_wconf 87' lang='lat' dir='ltr'><strong>accipiendi</strong></span> <span class='ocrx_word' id='word_1_20' title='bbox 1357 434 1459 503; x_wconf 87' lang='lat' dir='ltr'><strong>profes·</strong></span> 
     </span>
     <span class='ocr_line' id='line_1_3' title="bbox 383 523 1293 593; baseline -0.003 -15"><span class='ocrx_word' id='word_1_21' title='bbox 383 524 483 579; x_wconf 88' lang='lat' dir='ltr'><strong>sionem</strong></span> <span class='ocrx_word' id='word_1_22' title='bbox 503 525 567 579; x_wconf 86' lang='lat' dir='ltr'><strong>fidei</strong></span> <span class='ocrx_word' id='word_1_23' title='bbox 585 540 601 578; x_wconf 86' lang='lat' dir='ltr'><strong>a</strong></span> <span class='ocrx_word' id='word_1_24' title='bbox 619 524 742 592; x_wconf 88' lang='lat' dir='ltr'><strong>parochis</strong></span> <span class='ocrx_word' id='word_1_25' title='bbox 760 524 896 578; x_wconf 76' lang='lat' dir='ltr'><strong>occasione</strong></span> <span class='ocrx_word' id='word_1_26' title='bbox 913 524 1087 593; x_wconf 78' lang='lat' dir='ltr'><strong>promotionis</strong></span> <span class='ocrx_word' id='word_1_27' title='bbox 1108 523 1293 581; x_wconf 83' lang='lat' dir='ltr'><strong>emittendam.</strong></span> 
     </span>
    </p>
   </div>
   <div class='ocr_carea' id='block_1_3' title="bbox 481 645 1069 846">
    <p class='ocr_par' dir='ltr' id='par_1_3' title="bbox 481 645 1069 846">
     <span class='ocr_line' id='line_1_4' title="bbox 606 645 1069 716; baseline -0.002 -14"><span class='ocrx_word' id='word_1_28' title='bbox 606 645 672 715; x_wconf 81' lang='lat' dir='ltr'><strong>(Cfr.</strong></span> <span class='ocrx_word' id='word_1_29' title='bbox 691 645 791 700; x_wconf 82' lang='lat' dir='ltr'><strong>Archiv</strong></span> <span class='ocrx_word' id='word_1_30' title='bbox 810 645 920 701; x_wconf 84' lang='lat' dir='ltr'><strong>LXVII.</strong></span> <span class='ocrx_word' id='word_1_31' title='bbox 941 645 989 700; x_wconf 86' lang='lat'><strong>180</strong></span> <span class='ocrx_word' id='word_1_32' title='bbox 1008 645 1069 716; x_wconf 74' lang='lat' dir='ltr'><strong>sap).</strong></span> 
     </span>
     <span class='ocr_line' id='line_1_5' title="bbox 481 769 790 846; baseline -0.006 -12"><span class='ocrx_word' id='word_1_33' title='bbox 481 769 663 834; x_wconf 87' lang='lat' dir='ltr'><strong>Beatissimo</strong></span> <span class='ocrx_word' id='word_1_34' title='bbox 689 770 790 846; x_wconf 81' lang='lat' dir='ltr'><strong>Pater,</strong></span> 
     </span>
    </p>
   </div>
   <div class='ocr_carea' id='block_1_4' title="bbox 217 905 1457 2238">
    <p class='ocr_par' dir='ltr' id='par_1_4' title="bbox 218 905 1457 1494">
     <span class='ocr_line' id='line_1_6' title="bbox 323 905 1457 991; baseline -0.003 -20"><span class='ocrx_word' id='word_1_35' title='bbox 323 908 489 990; x_wconf 78' lang='lat' dir='ltr'><strong>Episcopus</strong></span> <span class='ocrx_word' id='word_1_36' title='bbox 511 908 748 991; x_wconf 79' lang='lat' dir='ltr'><strong>Argentinensis</strong></span> <span class='ocrx_word' id='word_1_37' title='bbox 770 907 928 972; x_wconf 86' lang='lat' dir='ltr'><strong>humiliter</strong></span> <span class='ocrx_word' id='word_1_38' title='bbox 952 911 1075 991; x_wconf 78' lang='lat' dir='ltr'><strong>exponit</strong></span> <span class='ocrx_word' id='word_1_39' title='bbox 1104 910 1136 973; x_wconf 88' lang='lat' dir='ltr'><strong>in</strong></span> <span class='ocrx_word' id='word_1_40' title='bbox 1169 909 1225 972; x_wconf 85' lang='lat' dir='ltr'><strong>lrac</strong></span> <span class='ocrx_word' id='word_1_41' title='bbox 1254 906 1386 972; x_wconf 87' lang='lat' dir='ltr'><strong>dioecesi</strong></span> <span class='ocrx_word' id='word_1_42' title='bbox 1416 905 1457 968; x_wconf 91' lang='lat' dir='ltr'><strong>ad</strong></span> 
     </span>
     <span class='ocr_line' id='line_1_7' title="bbox 220 1009 1455 1095; baseline -0.002 -21"><span class='ocrx_word' id='word_1_43' title='bbox 220 1011 300 1075; x_wconf 89' lang='lat' dir='ltr'><strong>bunc</strong></span> <span class='ocrx_word' id='word_1_44' title='bbox 324 1031 418 1093; x_wconf 88' lang='lat' dir='ltr'><strong>usque</strong></span> <span class='ocrx_word' id='word_1_45' title='bbox 440 1011 521 1076; x_wconf 91' lang='lat' dir='ltr'><strong>diem</strong></span> <span class='ocrx_word' id='word_1_46' title='bbox 547 1013 694 1094; x_wconf 79' lang='lat' dir='ltr'><strong>parochos</strong></span> <span class='ocrx_word' id='word_1_47' title='bbox 715 1011 752 1075; x_wconf 92' lang='lat' dir='ltr'><strong>de</strong></span> <span class='ocrx_word' id='word_1_48' title='bbox 771 1012 962 1077; x_wconf 86' lang='lat' dir='ltr'><strong>inamouibili</strong></span> <span class='ocrx_word' id='word_1_49' title='bbox 987 1013 1134 1078; x_wconf 86' lang='lat' dir='ltr'><strong>beneficio</strong></span> <span class='ocrx_word' id='word_1_50' title='bbox 1157 1013 1308 1095; x_wconf 86' lang='lat' dir='ltr'><strong>provisos,</strong></span> <span class='ocrx_word' id='word_1_51' title='bbox 1337 1009 1455 1094; x_wconf 92' lang='lat' dir='ltr'><strong>profes·</strong></span> 
     </span>
     <span class='ocr_line' id='line_1_8' title="bbox 219 1113 1457 1199; baseline -0.002 -21"><span class='ocrx_word' id='word_1_52' title='bbox 219 1117 334 1180; x_wconf 88' lang='lat' dir='ltr'><strong>sionem</strong></span> <span class='ocrx_word' id='word_1_53' title='bbox 357 1115 445 1193; x_wconf 86' lang='lat' dir='ltr'><strong>fidei,</strong></span> <span class='ocrx_word' id='word_1_54' title='bbox 469 1134 528 1181; x_wconf 93' lang='lat' dir='ltr'><strong>non</strong></span> <span class='ocrx_word' id='word_1_55' title='bbox 552 1134 653 1180; x_wconf 89' lang='lat' dir='ltr'><strong>coram</strong></span> <span class='ocrx_word' id='word_1_56' title='bbox 679 1115 845 1197; x_wconf 82' lang='lat' dir='ltr'><strong>Episcopo,</strong></span> <span class='ocrx_word' id='word_1_57' title='bbox 869 1117 936 1193; x_wconf 83' lang='lat' dir='ltr'><strong>rel,</strong></span> <span class='ocrx_word' id='word_1_58' title='bbox 957 1135 991 1180; x_wconf 89' lang='lat' dir='ltr'><strong>eo</strong></span> <span class='ocrx_word' id='word_1_59' title='bbox 1014 1117 1182 1199; x_wconf 86' lang='lat' dir='ltr'><strong>impedito,</strong></span> <span class='ocrx_word' id='word_1_60' title='bbox 1206 1135 1307 1182; x_wconf 86' lang='lat' dir='ltr'><strong>coram</strong></span> <span class='ocrx_word' id='word_1_61' title='bbox 1336 1113 1457 1179; x_wconf 76' lang='lat' dir='ltr'><strong>vicario</strong></span> 
     </span>
     <span class='ocr_line' id='line_1_9' title="bbox 220 1218 1454 1304; baseline -0.004 -20"><span class='ocrx_word' id='word_1_62' title='bbox 220 1218 357 1300; x_wconf 80' lang='lat' dir='ltr'><strong>generali</strong></span> <span class='ocrx_word' id='word_1_63' title='bbox 379 1219 535 1294; x_wconf 88' lang='lat' dir='ltr'><strong>emisisse,</strong></span> <span class='ocrx_word' id='word_1_64' title='bbox 565 1220 617 1284; x_wconf 88' lang='lat' dir='ltr'><strong>sed</strong></span> <span class='ocrx_word' id='word_1_65' title='bbox 648 1238 751 1284; x_wconf 89' lang='lat' dir='ltr'><strong>coram</strong></span> <span class='ocrx_word' id='word_1_66' title='bbox 774 1218 951 1303; x_wconf 85' lang='lat' dir='ltr'><strong>presbytero</strong></span> <span class='ocrx_word' id='word_1_67' title='bbox 974 1219 1012 1284; x_wconf 88' lang='lat' dir='ltr'><strong>ab</strong></span> <span class='ocrx_word' id='word_1_68' title='bbox 1038 1221 1184 1304; x_wconf 75' lang='lat' dir='ltr'><strong>Episcopo</strong></span> <span class='ocrx_word' id='word_1_69' title='bbox 1208 1219 1369 1302; x_wconf 71' lang='lat' dir='ltr'><strong>delegato:</strong></span> <span class='ocrx_word' id='word_1_70' title='bbox 1397 1235 1454 1298; x_wconf 90' lang='lat' dir='ltr'><strong>pa-</strong></span> 
     </span>
     <span class='ocr_line' id='line_1_10' title="bbox 218 1321 1455 1407; baseline -0.002 -21"><span class='ocrx_word' id='word_1_71' title='bbox 218 1323 325 1388; x_wconf 85' lang='lat' dir='ltr'><strong>rochos</strong></span> <span class='ocrx_word' id='word_1_72' title='bbox 346 1341 416 1388; x_wconf 89' lang='lat' dir='ltr'><strong>vero</strong></span> <span class='ocrx_word' id='word_1_73' title='bbox 440 1323 637 1400; x_wconf 88' lang='lat' dir='ltr'><strong>amovibiles,</strong></span> <span class='ocrx_word' id='word_1_74' title='bbox 669 1342 722 1388; x_wconf 91' lang='lat' dir='ltr'><strong>seu</strong></span> <span class='ocrx_word' id='word_1_75' title='bbox 751 1324 1003 1401; x_wconf 87' lang='lat' dir='ltr'><strong>succursalistas,</strong></span> <span class='ocrx_word' id='word_1_76' title='bbox 1040 1324 1213 1407; x_wconf 89' lang='lat' dir='ltr'><strong>hujusmodi</strong></span> <span class='ocrx_word' id='word_1_77' title='bbox 1239 1321 1455 1405; x_wconf 83' lang='lat' dir='ltr'><strong>professionem</strong></span> 
     </span>
     <span class='ocr_line' id='line_1_11' title="bbox 219 1425 651 1494; baseline 0.014 -6"><span class='ocrx_word' id='word_1_78' title='bbox 219 1425 290 1491; x_wconf 86' lang='lat' dir='ltr'><strong>fidei</strong></span> <span class='ocrx_word' id='word_1_79' title='bbox 312 1426 480 1492; x_wconf 89' lang='lat' dir='ltr'><strong>nullimode</strong></span> <span class='ocrx_word' id='word_1_80' title='bbox 502 1427 651 1494; x_wconf 88' lang='lat' dir='ltr'><strong>emisisse.</strong></span> 
     </span>
    </p>

    <p class='ocr_par' dir='ltr' id='par_1_5' title="bbox 217 1527 1455 2238">
     <span class='ocr_line' id='line_1_12' title="bbox 322 1527 1455 1610; baseline -0.004 -15"><span class='ocrx_word' id='word_1_81' title='bbox 322 1527 398 1595; x_wconf 84' lang='lat' dir='ltr'><strong>Cum</strong></span> <span class='ocrx_word' id='word_1_82' title='bbox 423 1534 527 1596; x_wconf 86' lang='lat' dir='ltr'><strong>cutem</strong></span> <span class='ocrx_word' id='word_1_83' title='bbox 550 1549 584 1595; x_wconf 88' lang='lat' dir='ltr'><strong>ex</strong></span> <span class='ocrx_word' id='word_1_84' title='bbox 608 1531 700 1597; x_wconf 86' lang='lat' dir='ltr'><strong>variis</strong></span> <span class='ocrx_word' id='word_1_85' title='bbox 724 1531 962 1597; x_wconf 76' lang='lat' dir='ltr'><strong>resolutionibus</strong></span> <span class='ocrx_word' id='word_1_86' title='bbox 985 1530 1014 1596; x_wconf 88' lang='lat' dir='ltr'><strong>S.</strong></span> <span class='ocrx_word' id='word_1_87' title='bbox 1040 1531 1073 1598; x_wconf 81' lang='grc' dir='ltr'><strong>Ο.</strong></span> <span class='ocrx_word' id='word_1_88' title='bbox 1097 1531 1130 1597; x_wconf 83' lang='lat' dir='ltr'><strong>O.</strong></span> <span class='ocrx_word' id='word_1_89' title='bbox 1156 1549 1215 1595; x_wconf 87' lang='lat' dir='ltr'><strong>nou</strong></span> <span class='ocrx_word' id='word_1_90' title='bbox 1238 1533 1361 1594; x_wconf 90' lang='lat' dir='ltr'><strong>tautum</strong></span> <span class='ocrx_word' id='word_1_91' title='bbox 1385 1547 1455 1610; x_wconf 86' lang='lat' dir='ltr'><strong>pro·</strong></span> 
     </span>
     <span class='ocr_line' id='line_1_13' title="bbox 219 1634 1455 1716; baseline -0.002 -20"><span class='ocrx_word' id='word_1_92' title='bbox 219 1634 276 1698; x_wconf 85' lang='lat' dir='ltr'><strong>rici</strong></span> <span class='ocrx_word' id='word_1_93' title='bbox 300 1634 337 1698; x_wconf 91' lang='lat' dir='ltr'><strong>de</strong></span> <span class='ocrx_word' id='word_1_94' title='bbox 360 1635 533 1716; x_wconf 85' lang='lat' dir='ltr'><strong>praebenda</strong></span> <span class='ocrx_word' id='word_1_95' title='bbox 554 1636 724 1700; x_wconf 79' lang='lat' dir='ltr'><strong>canonicali</strong></span> <span class='ocrx_word' id='word_1_96' title='bbox 749 1639 802 1700; x_wconf 90' lang='lat' dir='ltr'><strong>aut</strong></span> <span class='ocrx_word' id='word_1_97' title='bbox 824 1636 927 1708; x_wconf 84' lang='lat' dir='ltr'><strong>titulo,</strong></span> <span class='ocrx_word' id='word_1_98' title='bbox 952 1639 987 1700; x_wconf 91' lang='lat' dir='ltr'><strong>ut</strong></span> <span class='ocrx_word' id='word_1_99' title='bbox 1004 1636 1100 1712; x_wconf 86' lang='lat' dir='ltr'><strong>aiunt,</strong></span> <span class='ocrx_word' id='word_1_100' title='bbox 1124 1634 1325 1709; x_wconf 86' lang='lat' dir='ltr'><strong>inamorihili,</strong></span> <span class='ocrx_word' id='word_1_101' title='bbox 1350 1650 1455 1696; x_wconf 83' lang='lat' dir='ltr'><strong>rerum</strong></span> 
     </span>
     <span class='ocr_line' id='line_1_14' title="bbox 218 1735 1455 1822; baseline -0.002 -22"><span class='ocrx_word' id='word_1_102' title='bbox 218 1737 314 1801; x_wconf 88' lang='lat' dir='ltr'><strong>etiam</strong></span> <span class='ocrx_word' id='word_1_103' title='bbox 336 1738 459 1819; x_wconf 86' lang='lat' dir='ltr'><strong>parochi</strong></span> <span class='ocrx_word' id='word_1_104' title='bbox 482 1757 663 1822; x_wconf 89' lang='lat' dir='ltr'><strong>quoquoque</strong></span> <span class='ocrx_word' id='word_1_105' title='bbox 682 1740 861 1804; x_wconf 85' lang='lat' dir='ltr'><strong>amoribiles</strong></span> <span class='ocrx_word' id='word_1_106' title='bbox 884 1740 1048 1803; x_wconf 89' lang='lat' dir='ltr'><strong>teneantur</strong></span> <span class='ocrx_word' id='word_1_107' title='bbox 1071 1739 1213 1802; x_wconf 90' lang='lat' dir='ltr'><strong>emittere</strong></span> <span class='ocrx_word' id='word_1_108' title='bbox 1244 1736 1314 1802; x_wconf 86' lang='lat' dir='ltr'><strong>fidei</strong></span> <span class='ocrx_word' id='word_1_109' title='bbox 1341 1735 1455 1818; x_wconf 86' lang='lat' dir='ltr'><strong>profes·</strong></span> 
     </span>
     <span class='ocr_line' id='line_1_15' title="bbox 217 1837 1455 1924; baseline -0.003 -20"><span class='ocrx_word' id='word_1_110' title='bbox 217 1842 332 1905; x_wconf 90' lang='lat' dir='ltr'><strong>sionem</strong></span> <span class='ocrx_word' id='word_1_111' title='bbox 355 1861 374 1906; x_wconf 92' lang='lat' dir='ltr'><strong>a</strong></span> <span class='ocrx_word' id='word_1_112' title='bbox 397 1841 532 1906; x_wconf 84' lang='lat' dir='ltr'><strong>Concilio</strong></span> <span class='ocrx_word' id='word_1_113' title='bbox 556 1842 639 1906; x_wconf 81' lang='lat' dir='ltr'><strong>Trid.</strong></span> <span class='ocrx_word' id='word_1_114' title='bbox 665 1844 883 1924; x_wconf 78' lang='lat' dir='ltr'><strong>praescriptam</strong></span> <span class='ocrx_word' id='word_1_115' title='bbox 905 1861 1008 1906; x_wconf 87' lang='lat' dir='ltr'><strong>coram</strong></span> <span class='ocrx_word' id='word_1_116' title='bbox 1032 1844 1097 1924; x_wconf 87' lang='lat' dir='ltr'><strong>ipso</strong></span> <span class='ocrx_word' id='word_1_117' title='bbox 1122 1842 1285 1924; x_wconf 90' lang='lat' dir='ltr'><strong>Episcopo,</strong></span> <span class='ocrx_word' id='word_1_118' title='bbox 1319 1839 1367 1904; x_wconf 85' lang='lat' dir='ltr'><strong>uel</strong></span> <span class='ocrx_word' id='word_1_119' title='bbox 1389 1837 1455 1920; x_wconf 85' lang='lat' dir='ltr'><strong>ejus</strong></span> 
     </span>
     <span class='ocr_line' id='line_1_16' title="bbox 220 1943 1454 2029; baseline -0.002 -22"><span class='ocrx_word' id='word_1_120' title='bbox 220 1944 341 2008; x_wconf 88' lang='lat' dir='ltr'><strong>Vicario</strong></span> <span class='ocrx_word' id='word_1_121' title='bbox 364 1946 511 2027; x_wconf 88' lang='lat' dir='ltr'><strong>generali,</strong></span> <span class='ocrx_word' id='word_1_122' title='bbox 535 1965 664 2029; x_wconf 81' lang='lat' dir='ltr'><strong>cumque</strong></span> <span class='ocrx_word' id='word_1_123' title='bbox 688 1948 725 2010; x_wconf 94' lang='lat' dir='ltr'><strong>ob</strong></span> <span class='ocrx_word' id='word_1_124' title='bbox 750 1948 897 2011; x_wconf 88' lang='lat' dir='ltr'><strong>dioecesis</strong></span> <span class='ocrx_word' id='word_1_125' title='bbox 919 1947 1156 2028; x_wconf 87' lang='lat' dir='ltr'><strong>amplitudinem</strong></span> <span class='ocrx_word' id='word_1_126' title='bbox 1181 1944 1261 2008; x_wconf 86' lang='lat' dir='ltr'><strong>haud</strong></span> <span class='ocrx_word' id='word_1_127' title='bbox 1278 1943 1369 2008; x_wconf 88' lang='lat' dir='ltr'><strong>facile</strong></span> <span class='ocrx_word' id='word_1_128' title='bbox 1386 1961 1454 2024; x_wconf 90' lang='lat' dir='ltr'><strong>pos·</strong></span> 
     </span>
     <span class='ocr_line' id='line_1_17' title="bbox 218 2046 1453 2133; baseline -0.001 -24"><span class='ocrx_word' id='word_1_129' title='bbox 218 2048 259 2111; x_wconf 87' lang='lat' dir='ltr'><strong>sit</strong></span> <span class='ocrx_word' id='word_1_130' title='bbox 287 2047 364 2112; x_wconf 91' lang='lat' dir='ltr'><strong>adiri</strong></span> <span class='ocrx_word' id='word_1_131' title='bbox 400 2050 509 2113; x_wconf 86' lang='lat' dir='ltr'><strong>ciuitas</strong></span> <span class='ocrx_word' id='word_1_132' title='bbox 541 2049 722 2133; x_wconf 88' lang='lat' dir='ltr'><strong>episcopalis</strong></span> <span class='ocrx_word' id='word_1_133' title='bbox 755 2050 794 2115; x_wconf 90' lang='lat' dir='ltr'><strong>cd</strong></span> <span class='ocrx_word' id='word_1_134' title='bbox 832 2051 923 2115; x_wconf 88' lang='lat' dir='ltr'><strong>hocce</strong></span> <span class='ocrx_word' id='word_1_135' title='bbox 958 2049 1179 2132; x_wconf 90' lang='lat' dir='ltr'><strong>praescriptum</strong></span> <span class='ocrx_word' id='word_1_136' title='bbox 1214 2068 1232 2113; x_wconf 89' lang='lat' dir='ltr'><strong>a</strong></span> <span class='ocrx_word' id='word_1_137' title='bbox 1266 2046 1453 2111; x_wconf 87' lang='lat' dir='ltr'><strong>beneficiatis</strong></span> 
     </span>
     <span class='ocr_line' id='line_1_18' title="bbox 220 2151 1453 2238; baseline -0.002 -23"><span class='ocrx_word' id='word_1_138' title='bbox 220 2151 465 2232; x_wconf 87' lang='lat' dir='ltr'><strong>adimplendum,</strong></span> <span class='ocrx_word' id='word_1_139' title='bbox 491 2155 651 2220; x_wconf 85' lang='lat' dir='ltr'><strong>humiliter</strong></span> <span class='ocrx_word' id='word_1_140' title='bbox 674 2155 811 2238; x_wconf 85' lang='lat' dir='ltr'><strong>postulat</strong></span> <span class='ocrx_word' id='word_1_141' title='bbox 831 2159 895 2218; x_wconf 92' lang='lat' dir='ltr'><strong>tum</strong></span> <span class='ocrx_word' id='word_1_142' title='bbox 921 2155 1096 2218; x_wconf 88' lang='lat' dir='ltr'><strong>sanationes</strong></span> <span class='ocrx_word' id='word_1_143' title='bbox 1119 2153 1219 2235; x_wconf 91' lang='lat' dir='ltr'><strong>quoad</strong></span> <span class='ocrx_word' id='word_1_144' title='bbox 1242 2151 1453 2235; x_wconf 87' lang='lat' dir='ltr'><strong>praeteritum,</strong></span> 
     </span>
    </p>
   </div>
   <div class='ocr_carea' id='block_1_5' title="bbox 219 2253 1455 2444">
    <p class='ocr_par' dir='ltr' id='par_1_6' title="bbox 219 2253 1455 2444">
     <span class='ocr_line' id='line_1_19' title="bbox 221 2253 1455 2340; baseline -0.002 -22"><span class='ocrx_word' id='word_1_145' title='bbox 221 2258 287 2319; x_wconf 91' lang='lat' dir='ltr'><strong>tum</strong></span> <span class='ocrx_word' id='word_1_146' title='bbox 316 2257 529 2338; x_wconf 82' lang='lat' dir='ltr'><strong>Apostolicum</strong></span> <span class='ocrx_word' id='word_1_147' title='bbox 553 2258 732 2334; x_wconf 88' lang='lat' dir='ltr'><strong>indultum,</strong></span> <span class='ocrx_word' id='word_1_148' title='bbox 768 2258 797 2322; x_wconf 85' lang='lat' dir='ltr'><strong>vi</strong></span> <span class='ocrx_word' id='word_1_149' title='bbox 832 2258 919 2340; x_wconf 88' lang='lat' dir='ltr'><strong>cujus</strong></span> <span class='ocrx_word' id='word_1_150' title='bbox 953 2256 992 2319; x_wconf 92' lang='lat' dir='ltr'><strong>ad</strong></span> <span class='ocrx_word' id='word_1_151' title='bbox 1025 2254 1203 2338; x_wconf 88' lang='lat' dir='ltr'><strong>hujusmodi</strong></span> <span class='ocrx_word' id='word_1_152' title='bbox 1237 2253 1455 2337; x_wconf 84' lang='lat' dir='ltr'><strong>professionem</strong></span> 
     </span>
     <span class='ocr_line' id='line_1_20' title="bbox 219 2355 1454 2444; baseline -0.003 -22"><span class='ocrx_word' id='word_1_153' title='bbox 219 2360 290 2424; x_wconf 88' lang='lat' dir='ltr'><strong>fidei</strong></span> <span class='ocrx_word' id='word_1_154' title='bbox 313 2360 517 2444; x_wconf 87' lang='lat' dir='ltr'><strong>recipiendam</strong></span> <span class='ocrx_word' id='word_1_155' title='bbox 538 2363 606 2426; x_wconf 89' lang='lat' dir='ltr'><strong>tum</strong></span> <span class='ocrx_word' id='word_1_156' title='bbox 634 2361 772 2426; x_wconf 86' lang='lat' dir='ltr'><strong>Decauos</strong></span> <span class='ocrx_word' id='word_1_157' title='bbox 801 2359 1019 2437; x_wconf 83' lang='lat' dir='ltr'><strong>habitualiter,</strong></span> <span class='ocrx_word' id='word_1_158' title='bbox 1050 2363 1118 2424; x_wconf 89' lang='lat' dir='ltr'><strong>tum</strong></span> <span class='ocrx_word' id='word_1_159' title='bbox 1146 2359 1241 2423; x_wconf 85' lang='lat' dir='ltr'><strong>etiam</strong></span> <span class='ocrx_word' id='word_1_160' title='bbox 1272 2357 1303 2420; x_wconf 92' lang='lat' dir='ltr'><strong>irr</strong></span> <span class='ocrx_word' id='word_1_161' title='bbox 1332 2355 1454 2422; x_wconf 86' lang='lat' dir='ltr'><strong>casibus</strong></span> 
     </span>
    </p>
   </div>
   <div class='ocr_carea' id='block_1_6' title="bbox 215 2459 1455 3787">
    <p class='ocr_par' dir='ltr' id='par_1_7' title="bbox 218 2459 1454 2649">
     <span class='ocr_line' id='line_1_21' title="bbox 218 2459 1454 2543; baseline 0 -19"><span class='ocrx_word' id='word_1_162' title='bbox 218 2465 467 2543; x_wconf 86' lang='lat' dir='ltr'><strong>particularibus,</strong></span> <span class='ocrx_word' id='word_1_163' title='bbox 490 2465 517 2528; x_wconf 89' lang='lat' dir='ltr'><strong>si</strong></span> <span class='ocrx_word' id='word_1_164' title='bbox 537 2464 668 2529; x_wconf 89' lang='lat' dir='ltr'><strong>suadeat</strong></span> <span class='ocrx_word' id='word_1_165' title='bbox 689 2465 821 2539; x_wconf 82' lang='lat' dir='ltr'><strong>utilitas,</strong></span> <span class='ocrx_word' id='word_1_166' title='bbox 845 2464 921 2528; x_wconf 90' lang='lat' dir='ltr'><strong>alios</strong></span> <span class='ocrx_word' id='word_1_167' title='bbox 944 2461 1121 2528; x_wconf 85' lang='lat' dir='ltr'><strong>sacerdotes</strong></span> <span class='ocrx_word' id='word_1_168' title='bbox 1142 2461 1201 2525; x_wconf 90' lang='lat' dir='ltr'><strong>sibi</strong></span> <span class='ocrx_word' id='word_1_169' title='bbox 1226 2461 1384 2525; x_wconf 89' lang='lat' dir='ltr'><strong>benevisos</strong></span> <span class='ocrx_word' id='word_1_170' title='bbox 1402 2459 1454 2524; x_wconf 92' lang='lat' dir='ltr'><strong>de·</strong></span> 
     </span>
     <span class='ocr_line' id='line_1_22' title="bbox 220 2568 638 2649; baseline 0.01 -21"><span class='ocrx_word' id='word_1_171' title='bbox 220 2568 328 2647; x_wconf 88' lang='lat' dir='ltr'><strong>putare</strong></span> <span class='ocrx_word' id='word_1_172' title='bbox 351 2568 448 2649; x_wconf 86' lang='lat' dir='ltr'><strong>possit</strong></span> <span class='ocrx_word' id='word_1_173' title='bbox 469 2570 501 2633; x_wconf 91' lang='lat' dir='ltr'><strong>et</strong></span> <span class='ocrx_word' id='word_1_174' title='bbox 524 2569 638 2634; x_wconf 86' lang='lat' dir='ltr'><strong>valeat.</strong></span> 
     </span>
    </p>

    <p class='ocr_par' dir='ltr' id='par_1_8' title="bbox 322 2670 681 2737">
     <span class='ocr_line' id='line_1_23' title="bbox 322 2670 681 2737; baseline 0.006 -5"><span class='ocrx_word' id='word_1_175' title='bbox 322 2670 378 2736; x_wconf 88' lang='lat' dir='ltr'><strong>Die</strong></span> <span class='ocrx_word' id='word_1_176' title='bbox 400 2672 430 2735; x_wconf 88' lang='grc'><strong>9.</strong></span> <span class='ocrx_word' id='word_1_177' title='bbox 457 2671 563 2737; x_wconf 84' lang='lat' dir='ltr'><strong>Martii</strong></span> <span class='ocrx_word' id='word_1_178' title='bbox 588 2672 681 2737; x_wconf 80' lang='lat'><strong>1892.</strong></span> 
     </span>
    </p>

    <p class='ocr_par' dir='ltr' id='par_1_9' title="bbox 215 2772 1455 3585">
     <span class='ocr_line' id='line_1_24' title="bbox 319 2772 1454 2856; baseline -0.003 -18"><span class='ocrx_word' id='word_1_179' title='bbox 319 2773 349 2840; x_wconf 89' lang='lat' dir='ltr'><strong>S.</strong></span> <span class='ocrx_word' id='word_1_180' title='bbox 374 2774 407 2841; x_wconf 86' lang='lat' dir='ltr'><strong>O.</strong></span> <span class='ocrx_word' id='word_1_181' title='bbox 431 2775 576 2839; x_wconf 90' lang='lat' dir='ltr'><strong>Emorum</strong></span> <span class='ocrx_word' id='word_1_182' title='bbox 599 2775 629 2842; x_wconf 91' lang='lat' dir='ltr'><strong>S.</strong></span> <span class='ocrx_word' id='word_1_183' title='bbox 647 2775 683 2842; x_wconf 82' lang='lat' dir='ltr'><strong>R.</strong></span> <span class='ocrx_word' id='word_1_184' title='bbox 701 2775 736 2840; x_wconf 89' lang='lat' dir='ltr'><strong>E.</strong></span> <span class='ocrx_word' id='word_1_185' title='bbox 761 2775 972 2841; x_wconf 86' lang='lat' dir='ltr'><strong>Cardiualium</strong></span> <span class='ocrx_word' id='word_1_186' title='bbox 998 2775 1031 2841; x_wconf 84' lang='lat' dir='ltr'><strong>O.</strong></span> <span class='ocrx_word' id='word_1_187' title='bbox 1049 2775 1083 2841; x_wconf 87' lang='grc' dir='ltr'><strong>Τ.</strong></span> <span class='ocrx_word' id='word_1_188' title='bbox 1109 2775 1325 2856; x_wconf 84' lang='lat' dir='ltr'><strong>Interprctum,</strong></span> <span class='ocrx_word' id='word_1_189' title='bbox 1351 2772 1454 2856; x_wconf 85' lang='lat' dir='ltr'><strong>vigore</strong></span> 
     </span>
     <span class='ocr_line' id='line_1_25' title="bbox 217 2877 1455 2962; baseline 0.001 -23"><span class='ocrx_word' id='word_1_190' title='bbox 217 2877 400 2942; x_wconf 85' lang='lat' dir='ltr'><strong>facultatum</strong></span> <span class='ocrx_word' id='word_1_191' title='bbox 428 2878 488 2944; x_wconf 89' lang='lat' dir='ltr'><strong>sibi</strong></span> <span class='ocrx_word' id='word_1_192' title='bbox 515 2899 534 2944; x_wconf 86' lang='lat' dir='ltr'><strong>a</strong></span> <span class='ocrx_word' id='word_1_193' title='bbox 558 2879 652 2944; x_wconf 89' lang='lat' dir='ltr'><strong>SSmo</strong></span> <span class='ocrx_word' id='word_1_194' title='bbox 678 2880 744 2944; x_wconf 87' lang='lat' dir='ltr'><strong>Duo</strong></span> <span class='ocrx_word' id='word_1_195' title='bbox 769 2880 881 2944; x_wconf 84' lang='lat' dir='ltr'><strong>Nostro</strong></span> <span class='ocrx_word' id='word_1_196' title='bbox 906 2880 1111 2957; x_wconf 87' lang='lat' dir='ltr'><strong>tributarum,</strong></span> <span class='ocrx_word' id='word_1_197' title='bbox 1143 2879 1269 2962; x_wconf 82' lang='lat' dir='ltr'><strong>praeuia</strong></span> <span class='ocrx_word' id='word_1_198' title='bbox 1296 2877 1455 2942; x_wconf 88' lang='lat' dir='ltr'><strong>sanatione</strong></span> 
     </span>
     <span class='ocr_line' id='line_1_26' title="bbox 217 2979 1455 3066; baseline -0.002 -22"><span class='ocrx_word' id='word_1_199' title='bbox 217 2981 316 3062; x_wconf 86' lang='lat' dir='ltr'><strong>quoad</strong></span> <span class='ocrx_word' id='word_1_200' title='bbox 339 2984 540 3064; x_wconf 87' lang='lat' dir='ltr'><strong>praeteritum</strong></span> <span class='ocrx_word' id='word_1_201' title='bbox 564 3002 601 3048; x_wconf 88' lang='lat' dir='ltr'><strong>ac</strong></span> <span class='ocrx_word' id='word_1_202' title='bbox 623 2984 847 3048; x_wconf 84' lang='lat' dir='ltr'><strong>condonatione</strong></span> <span class='ocrx_word' id='word_1_203' title='bbox 876 2983 1033 3049; x_wconf 82' lang='lat' dir='ltr'><strong>fructuum</strong></span> <span class='ocrx_word' id='word_1_204' title='bbox 1063 2986 1294 3066; x_wconf 86' lang='lat' dir='ltr'><strong>perceptorum,</strong></span> <span class='ocrx_word' id='word_1_205' title='bbox 1326 2979 1455 3062; x_wconf 85' lang='lat' dir='ltr'><strong>benigne</strong></span> 
     </span>
     <span class='ocr_line' id='line_1_27' title="bbox 217 3083 1454 3176; baseline 0.001 -30"><span class='ocrx_word' id='word_1_206' title='bbox 217 3083 347 3149; x_wconf 88' lang='lat' dir='ltr'><strong>indulsit</strong></span> <span class='ocrx_word' id='word_1_207' title='bbox 372 3085 518 3169; x_wconf 88' lang='lat' dir='ltr'><strong>Episcopo</strong></span> <span class='ocrx_word' id='word_1_208' title='bbox 542 3087 682 3164; x_wconf 86' lang='lat' dir='ltr'><strong>Oratori,</strong></span> <span class='ocrx_word' id='word_1_209' title='bbox 714 3091 752 3151; x_wconf 85' lang='lat' dir='ltr'><strong>ut</strong></span> <span class='ocrx_word' id='word_1_210' title='bbox 786 3106 840 3169; x_wconf 91' lang='lat' dir='ltr'><strong>per</strong></span> <span class='ocrx_word' id='word_1_211' title='bbox 871 3087 1050 3153; x_wconf 88' lang='lat' dir='ltr'><strong>decennium</strong></span> <span class='ocrx_word' id='word_1_212' title='bbox 1081 3089 1205 3176; x_wconf 76' lang='lat' dir='ltr'><strong>tautum</strong></span> <span class='ocrx_word' id='word_1_213' title='bbox 1236 3087 1269 3150; x_wconf 91' lang='lat' dir='ltr'><strong>in</strong></span> <span class='ocrx_word' id='word_1_214' title='bbox 1299 3087 1454 3168; x_wconf 85' lang='lat' dir='ltr'><strong>posterum</strong></span> 
     </span>
     <span class='ocr_line' id='line_1_28' title="bbox 217 3188 1454 3273; baseline -0.002 -22"><span class='ocrx_word' id='word_1_215' title='bbox 217 3189 359 3272; x_wconf 85' lang='lat' dir='ltr'><strong>delegare</strong></span> <span class='ocrx_word' id='word_1_216' title='bbox 387 3194 481 3273; x_wconf 87' lang='lat' dir='ltr'><strong>queat</strong></span> <span class='ocrx_word' id='word_1_217' title='bbox 512 3191 643 3256; x_wconf 87' lang='lat' dir='ltr'><strong>Vicariis</strong></span> <span class='ocrx_word' id='word_1_218' title='bbox 676 3192 834 3256; x_wconf 86' lang='lat' dir='ltr'><strong>foraueaos</strong></span> <span class='ocrx_word' id='word_1_219' title='bbox 869 3209 922 3255; x_wconf 89' lang='lat' dir='ltr'><strong>scu</strong></span> <span class='ocrx_word' id='word_1_220' title='bbox 952 3191 1082 3256; x_wconf 85' lang='lat' dir='ltr'><strong>decanos</strong></span> <span class='ocrx_word' id='word_1_221' title='bbox 1113 3190 1161 3256; x_wconf 86' lang='lat' dir='ltr'><strong>vel</strong></span> <span class='ocrx_word' id='word_1_222' title='bbox 1191 3190 1267 3254; x_wconf 88' lang='lat' dir='ltr'><strong>alios</strong></span> <span class='ocrx_word' id='word_1_223' title='bbox 1297 3190 1329 3253; x_wconf 91' lang='lat' dir='ltr'><strong>in</strong></span> <span class='ocrx_word' id='word_1_224' title='bbox 1352 3188 1454 3269; x_wconf 87' lang='lat' dir='ltr'><strong>aliqua</strong></span> 
     </span>
     <span class='ocr_line' id='line_1_29' title="bbox 215 3290 1452 3377; baseline -0.003 -22"><span class='ocrx_word' id='word_1_225' title='bbox 215 3293 369 3376; x_wconf 84' lang='lat' dir='ltr'><strong>dignitate</strong></span> <span class='ocrx_word' id='word_1_226' title='bbox 391 3293 574 3359; x_wconf 86' lang='lat' dir='ltr'><strong>constitutos</strong></span> <span class='ocrx_word' id='word_1_227' title='bbox 597 3294 636 3360; x_wconf 89' lang='lat' dir='ltr'><strong>ad</strong></span> <span class='ocrx_word' id='word_1_228' title='bbox 662 3295 872 3376; x_wconf 82' lang='lat' dir='ltr'><strong>excipiendam</strong></span> <span class='ocrx_word' id='word_1_229' title='bbox 904 3293 1121 3377; x_wconf 88' lang='lat' dir='ltr'><strong>professionem</strong></span> <span class='ocrx_word' id='word_1_230' title='bbox 1152 3293 1370 3374; x_wconf 82' lang='lat' dir='ltr'><strong>parochorum,</strong></span> <span class='ocrx_word' id='word_1_231' title='bbox 1401 3290 1452 3370; x_wconf 86' lang='lat' dir='ltr'><strong>qui</strong></span> 
     </span>
     <span class='ocr_line' id='line_1_30' title="bbox 216 3393 1454 3481; baseline -0.002 -22"><span class='ocrx_word' id='word_1_232' title='bbox 216 3397 329 3478; x_wconf 88' lang='lat' dir='ltr'><strong>absque</strong></span> <span class='ocrx_word' id='word_1_233' title='bbox 352 3397 439 3478; x_wconf 84' lang='lat' dir='ltr'><strong>gravi</strong></span> <span class='ocrx_word' id='word_1_234' title='bbox 460 3397 652 3464; x_wconf 88' lang='lat' dir='ltr'><strong>incommodo</strong></span> <span class='ocrx_word' id='word_1_235' title='bbox 677 3399 860 3481; x_wconf 89' lang='lat' dir='ltr'><strong>Episcopum</strong></span> <span class='ocrx_word' id='word_1_236' title='bbox 884 3397 943 3474; x_wconf 86' lang='lat' dir='ltr'><strong>vel,</strong></span> <span class='ocrx_word' id='word_1_237' title='bbox 967 3416 1002 3463; x_wconf 88' lang='lat' dir='ltr'><strong>eo</strong></span> <span class='ocrx_word' id='word_1_238' title='bbox 1026 3396 1185 3479; x_wconf 88' lang='lat' dir='ltr'><strong>impedito,</strong></span> <span class='ocrx_word' id='word_1_239' title='bbox 1207 3396 1273 3478; x_wconf 87' lang='lat' dir='ltr'><strong>ejus</strong></span> <span class='ocrx_word' id='word_1_240' title='bbox 1298 3393 1454 3459; x_wconf 88' lang='lat' dir='ltr'><strong>Vicarium</strong></span> 
     </span>
     <span class='ocr_line' id='line_1_31' title="bbox 218 3499 687 3585; baseline 0.009 -21"><span class='ocrx_word' id='word_1_241' title='bbox 218 3499 392 3583; x_wconf 71' lang='lat' dir='ltr'><strong>generalem</strong></span> <span class='ocrx_word' id='word_1_242' title='bbox 415 3500 500 3566; x_wconf 89' lang='lat' dir='ltr'><strong>adiro</strong></span> <span class='ocrx_word' id='word_1_243' title='bbox 523 3505 687 3585; x_wconf 85' lang='lat' dir='ltr'><strong>nequeunt.</strong></span> 
     </span>
    </p>

    <p class='ocr_par' dir='ltr' id='par_1_10' title="bbox 322 3602 1347 3688">
     <span class='ocr_line' id='line_1_32' title="bbox 322 3602 1347 3688; baseline 0 -20"><span class='ocrx_word' id='word_1_244' title='bbox 322 3603 355 3667; x_wconf 85' lang='lat' dir='ltr'><strong>L.</strong></span> <span class='ocrx_word' id='word_1_245' title='bbox 378 3603 408 3670; x_wconf 89' lang='lat' dir='ltr'><strong>S.</strong></span> <span class='ocrx_word' id='word_1_246' title='bbox 843 3607 879 3671; x_wconf 86' lang='lat' dir='ltr'><strong>A.</strong></span> <span class='ocrx_word' id='word_1_247' title='bbox 903 3605 992 3670; x_wconf 84' lang='lat' dir='ltr'><strong>Oard.</strong></span> <span class='ocrx_word' id='word_1_248' title='bbox 1017 3605 1126 3688; x_wconf 71' lang='lat' dir='ltr'><strong>Emtae.</strong></span> <span class='ocrx_word' id='word_1_249' title='bbox 1149 3603 1221 3672; x_wconf 81' lang='lat' dir='ltr'><strong>Sob.</strong></span> <span class='ocrx_word' id='word_1_250' title='bbox 1245 3602 1347 3668; x_wconf 87' lang='lat' dir='ltr'><strong>Praef.</strong></span> 
     </span>
    </p>

    <p class='ocr_par' dir='ltr' id='par_1_11' title="bbox 893 3707 1309 3787">
     <span class='ocr_line' id='line_1_33' title="bbox 893 3707 1309 3787; baseline 0 -13"><span class='ocrx_word' id='word_1_251' title='bbox 893 3709 932 3777; x_wconf 85' lang='lat' dir='ltr'><strong>L.</strong></span> <span class='ocrx_word' id='word_1_252' title='bbox 956 3709 1087 3787; x_wconf 73' lang='lat' dir='ltr'><strong>Saluuii,</strong></span> <span class='ocrx_word' id='word_1_253' title='bbox 1110 3707 1309 3774; x_wconf 87' lang='lat' dir='ltr'><strong>Secretarius.</strong></span> 
     </span>
    </p>
   </div>
   <div class='ocr_carea' id='block_1_7' title="bbox 250 3861 1416 4019">
    <p class='ocr_par' dir='ltr' id='par_1_12' title="bbox 250 3861 1416 4019">
     <span class='ocr_line' id='line_1_34' title="bbox 250 3861 1416 3932; baseline 0.006 -17"><span class='ocrx_word' id='word_1_254' title='bbox 250 3863 274 3916; x_wconf 78' lang='lat'><strong>7.</strong></span> <span class='ocrx_word' id='word_1_255' title='bbox 303 3862 328 3917; x_wconf 88' lang='lat' dir='ltr'><strong>S.</strong></span> <span class='ocrx_word' id='word_1_256' title='bbox 349 3861 444 3931; x_wconf 78' lang='lat' dir='ltr'><strong>Corrgr.</strong></span> <span class='ocrx_word' id='word_1_257' title='bbox 465 3861 586 3916; x_wconf 89' lang='lat' dir='ltr'><strong>Rituum.</strong></span> <span class='ocrx_word' id='word_1_258' title='bbox 622 3862 768 3930; x_wconf 84' lang='lat' dir='ltr'><strong>Quebeceu.</strong></span> <span class='ocrx_word' id='word_1_259' title='bbox 805 3862 1053 3930; x_wconf 82' lang='lat' dir='ltr'><strong>Mariauopositana</strong></span> <span class='ocrx_word' id='word_1_260' title='bbox 1071 3865 1100 3918; x_wconf 88' lang='lat' dir='ltr'><strong>et</strong></span> <span class='ocrx_word' id='word_1_261' title='bbox 1118 3861 1254 3918; x_wconf 86' lang='lat' dir='ltr'><strong>Ottavien.</strong></span> <span class='ocrx_word' id='word_1_262' title='bbox 1293 3863 1416 3932; x_wconf 75' lang='lat' dir='ltr'><strong>(creber,</strong></span> 
     </span>
     <span class='ocr_line' id='line_1_35' title="bbox 449 3947 1223 4019; baseline 0.006 -17"><span class='ocrx_word' id='word_1_263' title='bbox 449 3949 584 4004; x_wconf 77' lang='lat' dir='ltr'><strong>Montreal</strong></span> <span class='ocrx_word' id='word_1_264' title='bbox 602 3952 630 4004; x_wconf 89' lang='lat' dir='ltr'><strong>ct</strong></span> <span class='ocrx_word' id='word_1_265' title='bbox 649 3948 777 4019; x_wconf 84' lang='lat' dir='ltr'><strong>Ottaua).</strong></span> <span class='ocrx_word' id='word_1_266' title='bbox 812 3950 890 4006; x_wconf 84' lang='lat' dir='ltr'><strong>Circa</strong></span> <span class='ocrx_word' id='word_1_267' title='bbox 908 3947 1067 4006; x_wconf 78' lang='lat' dir='ltr'><strong>Celenderis</strong></span> <span class='ocrx_word' id='word_1_268' title='bbox 1085 3951 1223 4007; x_wconf 88' lang='lat' dir='ltr'><strong>fastorum.</strong></span> 
     </span>
    </p>
   </div>
   <div class='ocr_carea' id='block_1_8' title="bbox 214 4071 1454 4675">
    <p class='ocr_par' dir='ltr' id='par_1_13' title="bbox 214 4071 1454 4675">
     <span class='ocr_line' id='line_1_36' title="bbox 320 4071 1453 4159; baseline 0.006 -24"><span class='ocrx_word' id='word_1_269' title='bbox 320 4071 413 4135; x_wconf 91' lang='lat' dir='ltr'><strong>Emus</strong></span> <span class='ocrx_word' id='word_1_270' title='bbox 441 4072 473 4137; x_wconf 90' lang='lat' dir='ltr'><strong>et</strong></span> <span class='ocrx_word' id='word_1_271' title='bbox 506 4073 601 4137; x_wconf 84' lang='lat' dir='ltr'><strong>Rmus</strong></span> <span class='ocrx_word' id='word_1_272' title='bbox 633 4074 719 4138; x_wconf 90' lang='lat' dir='ltr'><strong>Duus</strong></span> <span class='ocrx_word' id='word_1_273' title='bbox 749 4073 921 4138; x_wconf 79' lang='lat' dir='ltr'><strong>Alexander</strong></span> <span class='ocrx_word' id='word_1_274' title='bbox 952 4073 1162 4153; x_wconf 77' lang='lat' dir='ltr'><strong>Taschcreau,</strong></span> <span class='ocrx_word' id='word_1_275' title='bbox 1198 4075 1453 4159; x_wconf 86' lang='lat' dir='ltr'><strong>Archiepiscopus</strong></span> 
     </span>
     <span class='ocr_line' id='line_1_37' title="bbox 214 4176 1454 4261; baseline 0.003 -21"><span class='ocrx_word' id='word_1_276' title='bbox 214 4176 394 4256; x_wconf 67' lang='lat' dir='ltr'><strong>Quobeceu,</strong></span> <span class='ocrx_word' id='word_1_277' title='bbox 416 4195 477 4242; x_wconf 75' lang='lat' dir='ltr'><strong>orna</strong></span> <span class='ocrx_word' id='word_1_278' title='bbox 500 4197 568 4241; x_wconf 90' lang='lat' dir='ltr'><strong>cum</strong></span> <span class='ocrx_word' id='word_1_279' title='bbox 594 4177 679 4243; x_wconf 82' lang='lat' dir='ltr'><strong>Emis</strong></span> <span class='ocrx_word' id='word_1_280' title='bbox 702 4177 906 4242; x_wconf 83' lang='lat' dir='ltr'><strong>Antistitibus</strong></span> <span class='ocrx_word' id='word_1_281' title='bbox 933 4177 1210 4261; x_wconf 74' lang='lat' dir='ltr'><strong>Marcianopolitano</strong></span> <span class='ocrx_word' id='word_1_282' title='bbox 1227 4181 1258 4243; x_wconf 89' lang='lat' dir='ltr'><strong>et</strong></span> <span class='ocrx_word' id='word_1_283' title='bbox 1280 4179 1454 4244; x_wconf 84' lang='lat' dir='ltr'><strong>Ottauiensi</strong></span> 
     </span>
     <span class='ocr_line' id='line_1_38' title="bbox 214 4279 1452 4368; baseline 0.003 -25"><span class='ocrx_word' id='word_1_284' title='bbox 214 4280 252 4343; x_wconf 88' lang='lat' dir='ltr'><strong>ab</strong></span> <span class='ocrx_word' id='word_1_285' title='bbox 276 4280 456 4364; x_wconf 82' lang='lat' dir='ltr'><strong>Apostolica</strong></span> <span class='ocrx_word' id='word_1_286' title='bbox 477 4279 554 4346; x_wconf 87' lang='lat' dir='ltr'><strong>Sede</strong></span> <span class='ocrx_word' id='word_1_287' title='bbox 583 4281 756 4347; x_wconf 86' lang='lat' dir='ltr'><strong>humillime</strong></span> <span class='ocrx_word' id='word_1_288' title='bbox 787 4281 967 4365; x_wconf 87' lang='lat' dir='ltr'><strong>postulant:</strong></span> <span class='ocrx_word' id='word_1_289' title='bbox 1005 4282 1038 4346; x_wconf 86' lang='lat'><strong>1⁰</strong></span> <span class='ocrx_word' id='word_1_290' title='bbox 1062 4283 1104 4348; x_wconf 87' lang='lat' dir='ltr'><strong>Ul</strong></span> <span class='ocrx_word' id='word_1_291' title='bbox 1124 4283 1212 4368; x_wconf 86' lang='lat' dir='ltr'><strong>juxta</strong></span> <span class='ocrx_word' id='word_1_292' title='bbox 1236 4283 1452 4349; x_wconf 83' lang='lat' dir='ltr'><strong>Calendarium</strong></span> 
     </span>
     <span class='ocr_line' id='line_1_39' title="bbox 215 4385 1454 4471; baseline 0.005 -25"><span class='ocrx_word' id='word_1_293' title='bbox 215 4402 267 4464; x_wconf 90' lang='lat' dir='ltr'><strong>pro</strong></span> <span class='ocrx_word' id='word_1_294' title='bbox 291 4385 390 4449; x_wconf 85' lang='lat' dir='ltr'><strong>tribus</strong></span> <span class='ocrx_word' id='word_1_295' title='bbox 412 4385 475 4448; x_wconf 90' lang='lat' dir='ltr'><strong>suis</strong></span> <span class='ocrx_word' id='word_1_296' title='bbox 498 4386 713 4451; x_wconf 87' lang='lat' dir='ltr'><strong>ecclesiasticis</strong></span> <span class='ocrx_word' id='word_1_297' title='bbox 738 4386 900 4468; x_wconf 89' lang='lat' dir='ltr'><strong>provinciis</strong></span> <span class='ocrx_word' id='word_1_298' title='bbox 929 4405 1023 4470; x_wconf 89' lang='lat' dir='ltr'><strong>nuper</strong></span> <span class='ocrx_word' id='word_1_299' title='bbox 1052 4388 1272 4471; x_wconf 82' lang='lat' dir='ltr'><strong>approbatum,</strong></span> <span class='ocrx_word' id='word_1_300' title='bbox 1304 4407 1343 4453; x_wconf 82' lang='lat' dir='ltr'><strong>co</strong></span> <span class='ocrx_word' id='word_1_301' title='bbox 1365 4388 1454 4471; x_wconf 86' lang='lat' dir='ltr'><strong>juxta</strong></span> 
     </span>
     <span class='ocr_line' id='line_1_40' title="bbox 215 4488 1453 4574; baseline 0.006 -26"><span class='ocrx_word' id='word_1_302' title='bbox 215 4488 397 4553; x_wconf 84' lang='lat' dir='ltr'><strong>recentiores</strong></span> <span class='ocrx_word' id='word_1_303' title='bbox 432 4488 582 4554; x_wconf 84' lang='lat' dir='ltr'><strong>Rubricas</strong></span> <span class='ocrx_word' id='word_1_304' title='bbox 614 4488 707 4554; x_wconf 86' lang='lat' dir='ltr'><strong>liccat</strong></span> <span class='ocrx_word' id='word_1_305' title='bbox 742 4489 799 4553; x_wconf 91' lang='lat' dir='ltr'><strong>sibi</strong></span> <span class='ocrx_word' id='word_1_306' title='bbox 833 4489 1000 4555; x_wconf 86' lang='lat' dir='ltr'><strong>reformare</strong></span> <span class='ocrx_word' id='word_1_307' title='bbox 1035 4490 1218 4556; x_wconf 85' lang='lat' dir='ltr'><strong>Calendaria</strong></span> <span class='ocrx_word' id='word_1_308' title='bbox 1252 4491 1453 4574; x_wconf 87' lang='lat' dir='ltr'><strong>particularia</strong></span> 
     </span>
     <span class='ocr_line' id='line_1_41' title="bbox 218 4589 1453 4675; baseline 0.004 -21"><span class='ocrx_word' id='word_1_309' title='bbox 218 4589 423 4656; x_wconf 89' lang='lat' dir='ltr'><strong>Ecclesiarum</strong></span> <span class='ocrx_word' id='word_1_310' title='bbox 449 4594 480 4657; x_wconf 91' lang='lat' dir='ltr'><strong>et</strong></span> <span class='ocrx_word' id='word_1_311' title='bbox 511 4591 701 4675; x_wconf 89' lang='lat' dir='ltr'><strong>publicorum</strong></span> <span class='ocrx_word' id='word_1_312' title='bbox 732 4592 942 4660; x_wconf 88' lang='lat' dir='ltr'><strong>Oratoriorum</strong></span> <span class='ocrx_word' id='word_1_313' title='bbox 972 4594 1054 4659; x_wconf 89' lang='lat' dir='ltr'><strong>iutra</strong></span> <span class='ocrx_word' id='word_1_314' title='bbox 1085 4594 1160 4663; x_wconf 86' lang='lat' dir='ltr'><strong>lines</strong></span> <span class='ocrx_word' id='word_1_315' title='bbox 1189 4615 1312 4661; x_wconf 85' lang='lat' dir='ltr'><strong>suarum</strong></span> <span class='ocrx_word' id='word_1_316' title='bbox 1342 4594 1453 4660; x_wconf 81' lang='lat' dir='ltr'><strong>Archi·</strong></span> 
     </span>
    </p>
   </div>
   <div class='ocr_carea' id='block_1_9' title="bbox 0 0 1614 4906">
    <p class='ocr_par' dir='ltr' id='par_1_14' title="bbox 0 0 1614 4906">
     <span class='ocr_line' id='line_1_42' title="bbox 0 0 1614 4906; baseline 0 2"><span class='ocrx_word' id='word_1_317' title='bbox 0 0 1614 4906; x_wconf 95' lang='lat' dir='ltr'><strong> </strong></span> 
     </span>
    </p>
   </div>
  </div>
 </body>
</html>
